2410 2929
1170 152 1218 189 16

238 269 359 307 ninus
381 268 514 305 mium
539 273 600 305 est
620 267 818 306 Nicandri
833 266 1056 320 ἀμφιβρότην
1077 268 1230 313 adduam
1250 271 1362 309 Alex.
1389 270 1475 316 216,
1500 271 1601 318 quod
1628 283 1651 308 a
1671 271 1879 308 scholiasta
1902 271 2133 308 illusa-mm

240 332 299 365 ed
324 328 382 364 his
408 329 555 364 verbis:
581 323 645 377 τὴν
671 322 756 366 ὅλον
780 325 843 366 τὸν
868 326 984 377 ἄνδρα
1014 334 1224 379 σωὲχονσαν
1246 327 1416 379 κεφαλήν.

266 416 268 420 »
413 397 449 434 2.
476 395 684 445 Βριαρός,
721 398 834 435 fixum
876 403 916 436 et
951 404 1176 448 perpetuum
1208 401 1341 448 galeae
1369 400 1564 447 epitheton
1591 401 1629 436 in
1663 400 1801 443 Iliade,
1828 401 2135 447 ponderosum

240 456 442 504 significat.
493 457 552 494 De
577 458 692 505 galea
723 458 837 494 etiam
862 459 911 495 ab
938 458 1143 506 Apollonio
1174 462 1268 508 Arg.
1300 460 1371 503 III,
1403 457 1497 496 1322
1523 463 1562 495 et
1584 470 1606 494 a
1632 458 1770 503 Quinto
1797 458 1943 507 Smyrn.
1966 460 2035 505 IV,
2059 459 2133 496 587

238 515 403 563 positum
430 521 506 563 est,
531 516 601 553 sed
624 518 672 554 ab
687 517 828 554 iisdem
856 518 990 555 eodem
1016 518 1231 566 significatu
1257 519 1370 557 etiam
1398 519 1445 555 de
1472 517 1558 554 aliis
1584 518 1715 556 armis:
1741 514 1832 566 δόρυ
1847 521 1903 567 βρ.
1925 519 2051 566 Apoll.
2069 519 2134 565 111,

239 574 352 620 12483
369 575 501 620 '‘Quint'.
527 577 633 622 VIII,
660 576 751 625 248;
778 577 848 622 XI,
874 578 967 625 468,
997 574 1120 626 αἰγὶᾶα
1146 580 1199 627 βρ.
1226 579 1277 614 ib.
1304 579 1412 624 XIV,
1438 576 1530 625 453;
1563 573 1668 613 σόλον
1693 579 1747 624 βρ.
1774 577 1849 621 IV,
1876 576 1962 614 436.
2013 578 2133 622 Quum

237 632 373 679 sutem,
396 635 498 683 quod
521 647 595 684 per
617 648 658 673 se
700 647 819 684 grave
848 641 923 684 est,
948 638 987 673 id
1027 641 1261 685 compactum
1290 638 1340 674 sit
1366 642 1405 675 et
1430 638 1640 681 robustum,
1660 641 1749 673 nata
1775 641 1835 674 est
1859 637 1984 674 altera
2010 637 2131 674 firmi

238 688 300 731 v³e1
323 695 470 731 validi
496 700 689 743 potestas,
716 707 789 743 qua
811 708 888 733 non
916 697 1170 734 animantibus
1198 697 1328 744 solum,
1356 709 1485 735 verum
1505 697 1620 734 etiam
1636 696 1875 744 inanimatis,
1891 697 2135 745 maximeque*

238 754 286 792 ad
314 755 487 804 corporis
513 756 630 793 robur
657 757 962 805 significandum,
988 758 1222 795 attribuitur:
1250 761 1303 806 βρ.
1330 758 1438 806 δέμας
1464 759 1563 805 Opp.
1591 756 1678 792 Hal.
1704 757 1753 801 II,
1779 756 1868 803 3283
1895 758 2038 804 Tryph.
2069 757 2136 803 19;

236 816 290 862 βρ.
330 817 429 862 γένυς
454 815 542 851 Hal.
569 817 617 861 V,
654 815 745 863 259,
773 814 897 864 Τιτῆσι
922 818 975 865 βρ.
1004 817 1120 865 Orph.
1146 818 1240 864 Arg.
1279 815 1368 866 5183
1394 819 1448 867 βρ.
1482 813 1678 865 δράκοντος
1702 815 1752 852 ib.
1782 814 1893 864 1008;
1926 812 2051 865 ταύρῳ
2076 817 2133 865 βρ.

236 873 284 911 ic.
313 873 507 924 10613490.
536 872 642 924 λόχος
666 871 807 924 Αἰήταο
834 877 885 913 11).
914 875 1028 925 1308,
1054 878 1106 925 ep.
1140 879 1280 925 μέλεσσι
1305 878 1431 921 Quint.
1458 879 1507 923 II,
1533 876 1624 924 4653
1651 877 1720 921 IV,
1753 876 1843 922 461;
1871 877 1918 921 V,
1945 876 2036 922 6163
2064 875 2133 921 H,

234 933 325 981 410;
352 929 453 982 ὤμου
479 929 552 971 ἀπὸ
578 937 632 983 βρ.
657 936 708 971 11).
733 935 803 978 XI,
831 935 895 978 71;
922 936 1044 972 ποσσὶν
1068 931 1139 973 ὑπὸ
1166 937 1219 985 βρ.
1245 936 1295 971 ib.
1322 936 1411 983 ΧΠ,
1436 935 1526 983 4253
1557 937 1610 985 βρ.
1637 930 1770 982 κάρτος
1796 933 1888 981 Cyn.
1914 933 2136 983 11,·76;p<›.

235 990 399 1042 βρύχημα
437 994 487 1029 11).
527 994 596 1039 ΙΠ,
624 994 688 1040 36;
714 996 767 1042 βρ.
800 991 918 1042 φωνήν
948 995 1065 1042 Orph.
1105 997 1198 1042 Arg.
1227 995 1310 1030 821.
1362 996 1561 1031 Postremo
1604 994 1811 1030 notandum
1852 994 2000 1029 videtur
2038 993 2133 1029 illud

235 1051 378 1097 Quinti:
401 1053 535 1101 βριαρῴ
560 1048 630 1090 ὑπὸ
656 1056 792 1102 χείματι
815 1054 922 1100 XIV,
946 1053 1028 1100 263,
1054 1054 1281 1102 gravissima
1307 1055 1429 1092 hieme
1457 1067 1485 1091 s.
1511 1057 1750 1101 tempestate.

410 1122 444 1157 3.
468 1119 770 1170 Ἑπταβόειος,
796 1124 968 1159 immensi
994 1124 1125 1170 Ajacis
1153 1123 1277 1171 clipei,
1306 1124 1369 1171 qui
1395 1126 1540 1171 septem
1567 1122 1680 1158 coriis
1708 1122 1859 1158 bubulis
1885 1121 2133 1169 superpositis

237 1181 515 1227 continebatur,
542 1181 762 1218 attributum
780 1181 909 1220 fixum:
936 1183 987 1228 H,
1014 1182 1098 1228 220,
1127 1182 1211 1229 222,
1238 1182 1324 1227 245,
1343 1183 1427 1229 266,
1456 1183 1505 1229 Λ,
1532 1181 1617 1218 545.
1670 1181 1989 1229 Cynegeticorum
2008 1186 2133 1218 autem

238 1241 403 1288 scriptor
418 1251 490 1287 per
508 1240 796 1277 audacissimam
814 1238 1010 1291 ὑπερβολήν
1027 1262 1073 1268 -—
1091 1241 1210 1279 πεδίον
1228 1246 1341 1279 vocat
1366 1240 1567 1292 ἑπταβόειον
1592 1241 1621 1287 I,
1649 1240 1721 1277 217
1747 1241 1771 1277 1.
1799 1252 1832 1278 e.
1852 1251 2006 1288 aequor,
2034 1241 2135 1288 quod

235 1299 278 1335 fit
303 1299 432 1337 densis
460 1312 575 1348 supra
599 1306 714 1349 caput
740 1301 898 1339 sublatis
924 1303 1055 1339 urbem
1081 1302 1380 1350 oppugnantium
1406 1301 1552 1354 clipeis.

408 1369 444 1406 4.
467 1367 696 1416 Ὀμφαλόεις,
725 1371 828 1407 aliud
855 1372 1199 1418 frequentissimum
1227 1372 1342 1419 clipei
1369 1357 1582 1419 epitheton,
1613 1370 1792 1407 umbilico
1819 1375 1992 1406 ornatum
2019 1371 2132 1418 signi-

235 1428 338 1464 ficat:
363 1429 411 1475 Z,
438 1428 526 1476 118;
554 1430 606 1475 A,
634 1429 718 1476 259,
742 1430 835 1479 4243
864 1431 901 1476 A,
926 1430 1017 1477 4483
1044 1430 1087 1477 Θ,
1111 1430 1176 1476 62;
1202 1431 1256 1477 M,
1285 1431 1375 1476 1613
1405 1431 1453 1476 N,
1481 1430 1571 1478 2643
1597 1429 1653 1475 H,
1673 1429 1763 1476 214;
1794 1429 1845 1477 Τ,
1864 1430 1955 1476 360;
1973 1431 2021 1476 X,
2043 1430 2133 1478 1113

235 1501 269 1534 c,
294 1488 359 1536 32,
387 1500 460 1524 uno
490 1489 641 1536 quidem
663 1489 749 1525 loco
775 1490 862 1538 jugi
888 1502 1083 1538 equorum,
1112 1501 1184 1537 quo
1211 1490 1250 1525 in
1269 1490 1393 1527 medio
1413 1489 1617 1527 eminentia
1637 1489 1823 1536 quaedam
1848 1489 1939 1528 fuit:
1967 1490 2021 1537 Ω,
2047 1488 2133 1526 269.

234 1547 517 1585 Posterioribus
558 1549 678 1596 epicis
712 1561 787 1586 non
826 1550 978 1586 multum
1004 1551 1043 1586 in
1084 1562 1153 1586 usu
1184 1554 1254 1586 est.
1305 1550 1499 1586 Nicander
1539 1549 1768 1595 singularem
1799 1550 1839 1584 in
1878 1550 2028 1585 modum
2060 1550 2130 1584 ait:

234 1603 366 1652 ἄρκτον
391 1604 449 1643 ὑπ’
482 1603 731 1655 ὀμφαλόεσσαν
757 1608 867 1645 Alex.
895 1608 928 1654 7,
956 1609 1056 1656 quod
1093 1609 1198 1645 varie
1229 1609 1529 1656 interpretantur
1570 1607 1798 1645 scholiastae
1832 1608 1883 1656 (v.
1912 1607 2132 1645 Schneider.

235 1678 272 1714 p.
301 1665 350 1703 30
380 1671 417 1704 et
450 1665 530 1715 79),
562 1667 774 1704 rectissime
806 1680 891 1705 mea
918 1669 1069 1716 quidem
1101 1669 1292 1706 sententia
1318 1669 1378 1715 qui
1416 1665 1665 1716 ὀμφαλόεσσαν
1697 1667 1836 1705 dictum
1870 1680 1956 1705 esse
1983 1674 2139 1705 monent

236 1722 296 1762 ὅιὰ
322 1722 364 1762 τὸ
401 1730 506 1773 μέσον
533 1722 594 1764 τὸν
620 1723 757 1775 βόρειον
797 1724 909 1764 πόλον
946 1731 1119 1775 περιέχειν.
1170 1728 1351 1774 Idemque
1390 1728 1514 1763 altero
1551 1727 1635 1763 loco
1662 1739 1737 1763 non
1765 1728 1883 1763 minus
1911 1727 2137 1764 mirabiliter

230 1785 373 1832 junxit:
400 1781 517 1822 σύκων
557 1783 772 1823 adamatam
796 1807 846 1813 —
871 1783 969 1823 adon
1009 1783 1256 1834 ὀμφαλόεσσαν
1282 1787 1391 1823 Alex.
1421 1786 1505 1832 348,
1546 1787 1646 1833 quod
1686 1787 1776 1823 item
1813 1787 1958 1823 variam
1990 1787 2138 1823 invenit

237 1844 464 1881 scholiorum
504 1846 876 1892 interpretationem,
918 1846 1007 1881 mihi
1033 1846 1183 1892 quidem
1210 1858 1279 1893 per
1320 1845 1553 1893 hypallagen
1593 1846 1731 1881 dictum
1759 1857 1844 1882 esse
1871 1847 2021 1883 videtur
2047 1857 2135 1894 pro:

236 1900 348 1942 σύκων
378 1901 642 1953 ὀμφαλοί-κων,
670 1917 766 1952 quae
802 1902 910 1951 κάτω,
932 1911 973 1942 ut
1000 1906 1053 1942 ait
1077 1905 1312 1951 scholiastes,
1352 1901 1489 1952 πρόπας
1521 1903 1636 1953 ἔχουσι
1670 1905 1772 1954 δίκην
1800 1903 1985 1952 ὀμφαλοῦ,
2014 1905 2058 1943 δι’
2088 1896 2137 1942 ὧν

236 1964 375 2010 σρυπῶν
401 1960 422 1999 ὅ
449 1960 533 2007 ὀπὸς
567 1962 685 2000 αὐτῶν
711 1961 773 2011 ῥεῖ.

820 2092 912 2141 Cap.
939 2093 1008 2129 IV.
1059 2092 1121 2129 De
1150 2092 1376 2140 epithetis
1403 2092 1538 2140 ignis.

414 2173 447 2207 1.
470 2169 700 2219 Ἀκάμας-ος,
727 2173 960 2218 indefessus,
993 2173 1095 2220 apud
1126 2173 1331 2208 Homerum
1364 2173 1601 2208 notissimum
1634 2177 1694 2208 est
1721 2172 1820 2218 ignis
1845 2172 2028 2207 indefessi
2055 2172 2131 2217 epi-

237 2231 369 2268 theton
393 2231 524 2276 fixum,
564 2231 643 2279 qui,
672 2231 848 2279 quamdiu
874 2234 957 2279 est,
983 2231 1083 2279 quod
1116 2243 1336 2269 consumere
1376 2231 1515 2280 possit,
1555 2231 1691 2268 ardere
1718 2242 1793 2267 non
1833 2231 1987 2276 desinit,
2013 2230 2130 2284 E,=43

238 2290 292 2337 Ο,
319 2290 403 2337 598,
432 2292 521 2338 731;
546 2292 596 2335 Π,
625 2291 715 2339 122;
742 2291 784 2337 Σ,
811 2290 901 2338 225;
928 2292 975 2336 Φ,
1004 2290 1061 2337 13,
1088 2290 1176 2338 3413
1200 2292 1256 2337 Ψ,
1285 2291 1352 2339 52;
1377 2305 1411 2337 υ,
1440 2291 1529 2335 123;
1557 2305 1597 2336 φ,
1628 2291 1710 2327 181.
1762 2292 1822 2327 Ab
1847 2290 2129 2336 insequentibus

238 2356 362 2387 autem
380 2351 500 2399 epicis
519 2352 613 2388 fines
636 2351 744 2398 hujus
764 2362 851 2386 usus
871 2350 986 2387 multo
1005 2350 1155 2398 longius
1174 2350 1312 2398 prolati
1332 2355 1429 2386 sunt.
1482 2351 1675 2387 Hesiodus
1695 2350 1844 2396 quidem
1861 2350 1899 2384 in
1918 2361 1990 2384 una
2009 2349 2130 2385 Theo·

213 2435 216 2437 -
238 2410 353 2458 gonia
372 2410 443 2446 hoc
462 2410 652 2458 adjectivo
675 2422 763 2447 usus
783 2410 1003 2458 plerumque
1022 2410 1070 2446 de
1090 2410 1174 2446 aliis
1193 2411 1306 2446 rebus
1333 2414 1446 2457 atque
1467 2410 1653 2446 Homerus
1677 2410 1818 2456 posuit,
1839 2408 1943 2444 velut
1962 2408 2008 2444 de
2026 2408 2130 2444 inde·

220 2469 342 2517 ⁴fessa
370 2469 562 2506 Musarum
603 2481 696 2506 voce
724 2483 757 2505 v.
785 2468 846 2506 39
872 2474 911 2505 et
935 2469 982 2505 de
1011 2470 1157 2507 coelum
1196 2470 1412 2505 tenentibus
1440 2469 1606 2505 Atlantis
1633 2469 1802 2504 manibus
1843 2480 1875 2503 v.
1916 2466 2001 2513 519,
2041 2466 2132 2515 ⁷47;

238 2528 491 2575 Empedocles
523 2530 570 2566 de
596 2529 772 2565 diuturno
798 2533 996 2565 ventorum
1021 2529 1269 2565 adversorum
1296 2528 1386 2564 flatu
1409 2528 1555 2574 v..426;
1582 2527 1696 2563 multo
1718 2527 1869 2574 saepius
1889 2525 2127 2574 Apollonius,

240 2587 302 2635 qui
326 2599 460 2625 vocem
477 2589 674 2637 conjunxit
689 2600 772 2625 cum
789 2589 940 2625 nomine
965 2590 1068 2636 μόνος
1093 2589 1142 2635 Π,
1159 2587 1251 2635 2753
1267 2584 1392 2625 ἐλάται
1416 2588 1467 2624 ib.
1494 2584 1749 2634 661ςἜρωτες
1769 2585 1840 2632 ΙΠ,
1859 2584 1951 2633 765;
1969 2582 2137 2634 ποταμὸς.

239 2645 349 2695 duaa.
377 2649 568 2696 perennis,
596 2649 672 2696 III,
701 2648 1043 2697 1030;:(Homoms
1070 2644 1436 2695 Ηητίιιιιιάπάμακα
1458 2647 1551 2683 dicit
1573 2646 1631 2691 Π,
1659 2644 1764 2693 178);
1790 2641 1879 2682 αἰὼν
1904 2642 2017 2694 ἀκάμ.
2047 2647 2073 2683 i.
2098 2658 2133 2683 e.

240 2707 461 2745 immortalis
500 2707 569 2755 IV,
600 2707 711 2755 16563
751 2705 855 2752 πόδες
886 2705 1040 2754 dxlv,
1067 2706 1181 2756 1687;
1222 2707 1336 2743 etiam
1367 2718 1447 2743 cum
1487 2705 1647 2741 hominis
1672 2705 1840 2742 nomine:
1884 2702 2022 2754 ἀρα-ἦρ
2065 2706 2140 2749 ΙΠ,
