<?xml version="1.0" encoding="UTF-8"?>
<!DOCTYPE html PUBLIC "-//W3C//DTD XHTML 1.0 Transitional//EN"
    "http://www.w3.org/TR/xhtml1/DTD/xhtml1-transitional.dtd">
<html xmlns="http://www.w3.org/1999/xhtml" xml:lang="en" lang="en">
 <head>
  <title>
</title>
<meta http-equiv="Content-Type" content="text/html;charset=utf-8" />
  <meta name='ocr-system' content='tesseract 3.04.00' />
  <meta name='ocr-capabilities' content='ocr_page ocr_carea ocr_par ocr_line ocrx_word'/>
</head>
<body>
  <div class='ocr_page' id='page_1' title='image "./4773766_0015.png"; bbox 0 0 2410 2929; ppageno 0'>
   <div class='ocr_carea' id='block_1_1' title="bbox 1121 108 1143 146">
    <p class='ocr_par' dir='ltr' id='par_1_1' title="bbox 1121 108 1143 146">
     <span class='ocr_line' id='line_1_1' title="bbox 1121 108 1143 146; baseline 0 0"><span class='ocrx_word' id='word_1_1' title='bbox 1121 108 1143 146; x_wconf 84' lang='grc'><strong>’1</strong></span> 
     </span>
    </p>
   </div>
   <div class='ocr_carea' id='block_1_2' title="bbox 1010 161 1246 167">
    <p class='ocr_par' dir='ltr' id='par_1_2' title="bbox 1010 161 1246 167">
     <span class='ocr_line' id='line_1_2' title="bbox 1010 161 1246 167; baseline 0 0"><span class='ocrx_word' id='word_1_2' title='bbox 1010 161 1246 167; x_wconf 95' lang='lat' dir='ltr'><strong> </strong></span> 
     </span>
    </p>
   </div>
   <div class='ocr_carea' id='block_1_3' title="bbox 176 225 2072 2712">
    <p class='ocr_par' dir='ltr' id='par_1_3' title="bbox 176 225 2072 1583">
     <span class='ocr_line' id='line_1_3' title="bbox 176 225 2068 279; baseline 0 -14"><span class='ocrx_word' id='word_1_3' title='bbox 176 240 212 273; x_wconf 88' lang='grc' dir='ltr'><strong>α,</strong></span> <span class='ocrx_word' id='word_1_4' title='bbox 238 226 330 275; x_wconf 80' lang='grc'><strong>254;</strong></span> <span class='ocrx_word' id='word_1_5' title='bbox 361 239 390 272; x_wconf 88' lang='grc' dir='ltr'><strong><em>ν,</em></strong></span> <span class='ocrx_word' id='word_1_6' title='bbox 417 225 508 275; x_wconf 86' lang='grc'><strong>376;</strong></span> <span class='ocrx_word' id='word_1_7' title='bbox 534 241 569 273; x_wconf 83' lang='grc' dir='ltr'>υ,</span> <span class='ocrx_word' id='word_1_8' title='bbox 594 225 654 273; x_wconf 87' lang='grc'><strong>29,</strong></span> <span class='ocrx_word' id='word_1_9' title='bbox 681 226 742 274; x_wconf 85' lang='grc'><strong>39,</strong></span> <span class='ocrx_word' id='word_1_10' title='bbox 780 225 873 275; x_wconf 65' lang='grc'><strong>386,</strong></span> <span class='ocrx_word' id='word_1_11' title='bbox 898 239 942 272; x_wconf 79' lang='lat' dir='ltr'><strong>w,</strong></span> <span class='ocrx_word' id='word_1_12' title='bbox 966 226 1026 273; x_wconf 86' lang='grc'><strong>37,</strong></span> <span class='ocrx_word' id='word_1_13' title='bbox 1053 228 1168 266; x_wconf 41' lang='lat' dir='ltr'><strong>etvin</strong></span> <span class='ocrx_word' id='word_1_14' title='bbox 1193 227 1403 265; x_wconf 80' lang='lat' dir='ltr'><strong>mendicum</strong></span> <span class='ocrx_word' id='word_1_15' title='bbox 1428 241 1460 276; x_wconf 86' lang='grc' dir='ltr'><strong>ρ,</strong></span> <span class='ocrx_word' id='word_1_16' title='bbox 1498 227 1571 265; x_wconf 84' lang='grc'><strong>449</strong></span> <span class='ocrx_word' id='word_1_17' title='bbox 1597 225 1745 279; x_wconf 76' lang='grc' dir='ltr'><strong><em>ἀναιδής</em></strong></span> <span class='ocrx_word' id='word_1_18' title='bbox 1781 228 1854 266; x_wconf 74' lang='grc' dir='ltr'><strong><em>ἐσσι</em></strong></span> <span class='ocrx_word' id='word_1_19' title='bbox 1885 229 2068 277; x_wconf 65' lang='grc' dir='ltr'><strong><em>εροὶκτης.</em></strong></span> 
     </span>
     <span class='ocr_line' id='line_1_4' title="bbox 179 284 2067 335; baseline 0.002 -13"><span class='ocrx_word' id='word_1_20' title='bbox 179 284 369 322; x_wconf 71' lang='lat' dir='ltr'><strong>Hir-abilis</strong></span> <span class='ocrx_word' id='word_1_21' title='bbox 405 296 497 322; x_wconf 85' lang='lat' dir='ltr'><strong>vero</strong></span> <span class='ocrx_word' id='word_1_22' title='bbox 537 291 595 322; x_wconf 90' lang='lat' dir='ltr'><strong>est</strong></span> <span class='ocrx_word' id='word_1_23' title='bbox 630 286 695 323; x_wconf 88' lang='lat' dir='ltr'><strong>ille</strong></span> <span class='ocrx_word' id='word_1_24' title='bbox 734 297 835 331; x_wconf 89' lang='lat' dir='ltr'><strong>usus,</strong></span> <span class='ocrx_word' id='word_1_25' title='bbox 870 297 944 333; x_wconf 88' lang='lat' dir='ltr'><strong>quo</strong></span> <span class='ocrx_word' id='word_1_26' title='bbox 980 297 1075 323; x_wconf 85' lang='lat' dir='ltr'><strong>saxa</strong></span> <span class='ocrx_word' id='word_1_27' title='bbox 1112 287 1313 332; x_wconf 78' lang='lat' dir='ltr'>Homerus,</span> <span class='ocrx_word' id='word_1_28' title='bbox 1349 290 1527 334; x_wconf 85' lang='lat' dir='ltr'><strong>tauquam</strong></span> <span class='ocrx_word' id='word_1_29' title='bbox 1561 289 1741 333; x_wconf 84' lang='lat' dir='ltr'><strong>animata,</strong></span> <span class='ocrx_word' id='word_1_30' title='bbox 1777 284 1906 335; x_wconf 83' lang='grc' dir='ltr'><strong><em>ἀναιδή</em></strong></span> <span class='ocrx_word' id='word_1_31' title='bbox 1942 292 2067 325; x_wconf 81' lang='lat' dir='ltr'><strong>vocat.</strong></span> 
     </span>
     <span class='ocr_line' id='line_1_5' title="bbox 182 338 2072 395; baseline 0.001 -14"><span class='ocrx_word' id='word_1_32' title='bbox 182 345 227 391; x_wconf 91' lang='grc' dir='ltr'><strong>Δ,</strong></span> <span class='ocrx_word' id='word_1_33' title='bbox 251 343 326 381; x_wconf 84' lang='grc'><strong>525</strong></span> <span class='ocrx_word' id='word_1_34' title='bbox 351 349 390 381; x_wconf 91' lang='lat' dir='ltr'><strong>et</strong></span> <span class='ocrx_word' id='word_1_35' title='bbox 413 346 453 388; x_wconf 84' lang='grc' dir='ltr'><strong>λ,</strong></span> <span class='ocrx_word' id='word_1_36' title='bbox 477 344 554 382; x_wconf 87' lang='grc'><strong>598</strong></span> <span class='ocrx_word' id='word_1_37' title='bbox 580 346 673 389; x_wconf 85' lang='grc' dir='ltr'><strong><em>λᾶας</em></strong></span> <span class='ocrx_word' id='word_1_38' title='bbox 697 341 848 394; x_wconf 84' lang='grc' dir='ltr'><strong><em>ἀναιδής</em></strong></span> <span class='ocrx_word' id='word_1_39' title='bbox 872 338 1137 384; x_wconf 74' lang='lat' dir='ltr'><strong>irreverens</strong></span> <span class='ocrx_word' id='word_1_40' title='bbox 1160 346 1346 395; x_wconf 83' lang='lat' dir='ltr'><strong>explicari</strong></span> <span class='ocrx_word' id='word_1_41' title='bbox 1366 350 1505 394; x_wconf 84' lang='lat' dir='ltr'><strong>potest,</strong></span> <span class='ocrx_word' id='word_1_42' title='bbox 1532 346 1620 393; x_wconf 87' lang='lat' dir='ltr'><strong>quia</strong></span> <span class='ocrx_word' id='word_1_43' title='bbox 1636 346 1700 383; x_wconf 88' lang='lat' dir='ltr'><strong>illo</strong></span> <span class='ocrx_word' id='word_1_44' title='bbox 1717 346 1803 384; x_wconf 86' lang='lat' dir='ltr'><strong>loco</strong></span> <span class='ocrx_word' id='word_1_45' title='bbox 1820 346 1921 395; x_wconf 89' lang='lat' dir='ltr'><strong>lapis</strong></span> <span class='ocrx_word' id='word_1_46' title='bbox 1941 346 2072 394; x_wconf 85' lang='lat' dir='ltr'><strong>jactus</strong></span> 
     </span>
     <span class='ocr_line' id='line_1_6' title="bbox 178 403 2069 454; baseline 0.001 -13"><span class='ocrx_word' id='word_1_47' title='bbox 178 403 342 451; x_wconf 84' lang='lat' dir='ltr'><strong>aliquem</strong></span> <span class='ocrx_word' id='word_1_48' title='bbox 369 404 559 451; x_wconf 86' lang='lat' dir='ltr'><strong>vulnerat,</strong></span> <span class='ocrx_word' id='word_1_49' title='bbox 594 404 666 442; x_wconf 92' lang='lat' dir='ltr'><strong>hoc</strong></span> <span class='ocrx_word' id='word_1_50' title='bbox 693 403 847 453; x_wconf 81' lang='lat' dir='ltr'>Sisyphi</span> <span class='ocrx_word' id='word_1_51' title='bbox 871 415 1001 442; x_wconf 84' lang='lat' dir='ltr'><strong>saxum</strong></span> <span class='ocrx_word' id='word_1_52' title='bbox 1027 406 1075 443; x_wconf 89' lang='lat' dir='ltr'><strong>de</strong></span> <span class='ocrx_word' id='word_1_53' title='bbox 1101 406 1200 443; x_wconf 88' lang='lat' dir='ltr'><strong>colle</strong></span> <span class='ocrx_word' id='word_1_54' title='bbox 1227 418 1378 454; x_wconf 82' lang='lat' dir='ltr'><strong>semper</strong></span> <span class='ocrx_word' id='word_1_55' title='bbox 1404 405 1618 442; x_wconf 82' lang='lat' dir='ltr'><strong>devolutum</strong></span> <span class='ocrx_word' id='word_1_56' title='bbox 1643 406 1779 443; x_wconf 86' lang='lat' dir='ltr'><strong>dicitur</strong></span> <span class='ocrx_word' id='word_1_57' title='bbox 1804 407 2069 443; x_wconf 77' lang='lat' dir='ltr'><strong>irreverens</strong></span> 
     </span>
     <span class='ocr_line' id='line_1_7' title="bbox 177 461 2070 515; baseline 0.001 -15"><span class='ocrx_word' id='word_1_58' title='bbox 177 463 307 500; x_wconf 90' lang='lat' dir='ltr'><strong>illius</strong></span> <span class='ocrx_word' id='word_1_59' title='bbox 332 464 556 513; x_wconf 83' lang='lat' dir='ltr'><strong>laborum;</strong></span> <span class='ocrx_word' id='word_1_60' title='bbox 581 476 659 501; x_wconf 88' lang='lat' dir='ltr'><strong>non</strong></span> <span class='ocrx_word' id='word_1_61' title='bbox 694 464 786 501; x_wconf 88' lang='lat' dir='ltr'><strong>item</strong></span> <span class='ocrx_word' id='word_1_62' title='bbox 827 464 876 511; x_wconf 87' lang='lat' dir='ltr'><strong>N,</strong></span> <span class='ocrx_word' id='word_1_63' title='bbox 915 464 986 502; x_wconf 82' lang='lat'><strong>139</strong></span> <span class='ocrx_word' id='word_1_64' title='bbox 1011 461 1117 515; x_wconf 74' lang='grc' dir='ltr'><strong><em>ῥήξας</em></strong></span> <span class='ocrx_word' id='word_1_65' title='bbox 1142 463 1303 510; x_wconf 76' lang='grc' dir='ltr'><strong><em>ἀναιδέος</em></strong></span> <span class='ocrx_word' id='word_1_66' title='bbox 1328 465 1461 514; x_wconf 73' lang='grc' dir='ltr'><strong><em>ἔχματα</em></strong></span> <span class='ocrx_word' id='word_1_67' title='bbox 1486 469 1629 513; x_wconf 68' lang='grc' dir='ltr'><strong><em>πέτρης,</em></strong></span> <span class='ocrx_word' id='word_1_68' title='bbox 1667 477 1739 512; x_wconf 89' lang='lat' dir='ltr'><strong>quo</strong></span> <span class='ocrx_word' id='word_1_69' title='bbox 1766 466 1851 503; x_wconf 85' lang='lat' dir='ltr'><strong>loco</strong></span> <span class='ocrx_word' id='word_1_70' title='bbox 1888 465 2002 502; x_wconf 84' lang='lat' dir='ltr'><strong>fixum</strong></span> <span class='ocrx_word' id='word_1_71' title='bbox 2029 471 2070 502; x_wconf 89' lang='lat' dir='ltr'><strong>et</strong></span> 
     </span>
     <span class='ocr_line' id='line_1_8' title="bbox 177 521 2068 573; baseline 0.001 -14"><span class='ocrx_word' id='word_1_72' title='bbox 177 523 341 571; x_wconf 76' lang='lat' dir='ltr'><strong>rigidum</strong></span> <span class='ocrx_word' id='word_1_73' title='bbox 364 535 494 560; x_wconf 81' lang='lat' dir='ltr'><strong>saxum</strong></span> <span class='ocrx_word' id='word_1_74' title='bbox 520 523 670 560; x_wconf 87' lang='lat' dir='ltr'><strong>dicitur.</strong></span> <span class='ocrx_word' id='word_1_75' title='bbox 721 523 902 560; x_wconf 74' lang='lat' dir='ltr'><strong>Fortasse</strong></span> <span class='ocrx_word' id='word_1_76' title='bbox 930 530 968 560; x_wconf 88' lang='lat' dir='ltr'><strong>et</strong></span> <span class='ocrx_word' id='word_1_77' title='bbox 993 524 1064 561; x_wconf 90' lang='lat' dir='ltr'><strong>hoc</strong></span> <span class='ocrx_word' id='word_1_78' title='bbox 1091 529 1129 561; x_wconf 89' lang='lat' dir='ltr'><strong>et</strong></span> <span class='ocrx_word' id='word_1_79' title='bbox 1146 525 1404 573; x_wconf 84' lang='lat' dir='ltr'><strong>superioribus</strong></span> <span class='ocrx_word' id='word_1_80' title='bbox 1421 524 1518 561; x_wconf 90' lang='lat' dir='ltr'><strong>locis</strong></span> <span class='ocrx_word' id='word_1_81' title='bbox 1536 521 1680 572; x_wconf 81' lang='grc' dir='ltr'><strong><em>ἀναιδής</em></strong></span> <span class='ocrx_word' id='word_1_82' title='bbox 1704 525 1815 570; x_wconf 85' lang='lat' dir='ltr'><strong>idem,</strong></span> <span class='ocrx_word' id='word_1_83' title='bbox 1842 525 1944 571; x_wconf 90' lang='lat' dir='ltr'><strong>quod</strong></span> <span class='ocrx_word' id='word_1_84' title='bbox 1967 537 2068 572; x_wconf 77' lang='grc' dir='ltr'><strong><em>σμσρ·</em></strong></span> 
     </span>
     <span class='ocr_line' id='line_1_9' title="bbox 177 580 2067 633; baseline -0.001 -12"><span class='ocrx_word' id='word_1_85' title='bbox 177 580 302 627; x_wconf 57' lang='grc' dir='ltr'><strong><em>διίλσος</em></strong></span> <span class='ocrx_word' id='word_1_86' title='bbox 319 587 388 621; x_wconf 62' lang='grc' dir='ltr'><strong>εει</strong></span> <span class='ocrx_word' id='word_1_87' title='bbox 410 588 450 622; x_wconf 88' lang='lat' dir='ltr'><strong>et</strong></span> <span class='ocrx_word' id='word_1_88' title='bbox 475 595 558 622; x_wconf 89' lang='lat' dir='ltr'><strong>cum</strong></span> <span class='ocrx_word' id='word_1_89' title='bbox 582 583 702 621; x_wconf 85' lang='lat' dir='ltr'><strong>latino</strong></span> <span class='ocrx_word' id='word_1_90' title='bbox 739 582 924 621; x_wconf 84' lang='lat' dir='ltr'><strong>vocabulo</strong></span> <span class='ocrx_word' id='word_1_91' title='bbox 961 583 1064 633; x_wconf 90' lang='lat' dir='ltr'><strong>imp</strong></span> <span class='ocrx_word' id='word_1_92' title='bbox 1081 585 1214 622; x_wconf 91' lang='lat' dir='ltr'><strong>robu</strong></span> <span class='ocrx_word' id='word_1_93' title='bbox 1229 596 1246 622; x_wconf 88' lang='lat' dir='ltr'><strong>s</strong></span> <span class='ocrx_word' id='word_1_94' title='bbox 1286 583 1454 622; x_wconf 88' lang='lat' dir='ltr'><strong>conferri</strong></span> <span class='ocrx_word' id='word_1_95' title='bbox 1479 587 1624 633; x_wconf 88' lang='lat' dir='ltr'><strong>potest,</strong></span> <span class='ocrx_word' id='word_1_96' title='bbox 1660 584 1760 631; x_wconf 90' lang='lat' dir='ltr'><strong>quod</strong></span> <span class='ocrx_word' id='word_1_97' title='bbox 1785 584 1929 632; x_wconf 86' lang='lat' dir='ltr'><strong>pariter</strong></span> <span class='ocrx_word' id='word_1_98' title='bbox 1954 587 2067 632; x_wconf 79' lang='lat' dir='ltr'><strong>atque</strong></span> 
     </span>
     <span class='ocr_line' id='line_1_10' title="bbox 180 639 2069 692; baseline 0.001 -13"><span class='ocrx_word' id='word_1_99' title='bbox 180 639 328 690; x_wconf 79' lang='grc' dir='ltr'><strong><em>ἀναιδής</em></strong></span> <span class='ocrx_word' id='word_1_100' title='bbox 353 644 404 679; x_wconf 87' lang='lat' dir='ltr'><strong>ad</strong></span> <span class='ocrx_word' id='word_1_101' title='bbox 429 644 598 680; x_wconf 88' lang='lat' dir='ltr'><strong>homines</strong></span> <span class='ocrx_word' id='word_1_102' title='bbox 624 643 865 679; x_wconf 82' lang='lat' dir='ltr'><strong>referendum</strong></span> <span class='ocrx_word' id='word_1_103' title='bbox 890 648 960 689; x_wconf 86' lang='lat' dir='ltr'><strong>est,</strong></span> <span class='ocrx_word' id='word_1_104' title='bbox 988 645 1056 680; x_wconf 91' lang='lat' dir='ltr'><strong>sed</strong></span> <span class='ocrx_word' id='word_1_105' title='bbox 1083 656 1107 680; x_wconf 87' lang='lat' dir='ltr'><strong>a</strong></span> <span class='ocrx_word' id='word_1_106' title='bbox 1127 646 1264 691; x_wconf 85' lang='lat' dir='ltr'><strong>poetis,</strong></span> <span class='ocrx_word' id='word_1_107' title='bbox 1291 650 1332 680; x_wconf 85' lang='lat' dir='ltr'><strong>ut</strong></span> <span class='ocrx_word' id='word_1_108' title='bbox 1350 645 1527 692; x_wconf 77' lang='lat' dir='ltr'><strong>Virgilio,</strong></span> <span class='ocrx_word' id='word_1_109' title='bbox 1553 645 1702 680; x_wconf 82' lang='lat' dir='ltr'><strong>variata</strong></span> <span class='ocrx_word' id='word_1_110' title='bbox 1718 645 1995 691; x_wconf 82' lang='lat' dir='ltr'><strong>significatione</strong></span> <span class='ocrx_word' id='word_1_111' title='bbox 2019 644 2069 680; x_wconf 82' lang='lat' dir='ltr'><strong>ad</strong></span> 
     </span>
     <span class='ocr_line' id='line_1_11' title="bbox 177 702 2066 751; baseline -0.001 -12"><span class='ocrx_word' id='word_1_112' title='bbox 177 713 240 739; x_wconf 87' lang='lat' dir='ltr'><strong>res</strong></span> <span class='ocrx_word' id='word_1_113' title='bbox 267 706 316 739; x_wconf 63' lang='lat' dir='ltr'><strong>et&gt;</strong></span> <span class='ocrx_word' id='word_1_114' title='bbox 331 702 475 739; x_wconf 76' lang='lat' dir='ltr'><strong>bestias</strong></span> <span class='ocrx_word' id='word_1_115' title='bbox 493 702 716 739; x_wconf 87' lang='lat' dir='ltr'><strong>translatum</strong></span> <span class='ocrx_word' id='word_1_116' title='bbox 732 706 802 739; x_wconf 88' lang='lat' dir='ltr'><strong>est.</strong></span> <span class='ocrx_word' id='word_1_117' title='bbox 852 702 967 749; x_wconf 87' lang='lat' dir='ltr'><strong>Apud</strong></span> <span class='ocrx_word' id='word_1_118' title='bbox 974 702 1217 750; x_wconf 70' lang='lat' dir='ltr'><strong>posteriores</strong></span> <span class='ocrx_word' id='word_1_119' title='bbox 1236 704 1365 751; x_wconf 87' lang='lat' dir='ltr'><strong>epicos</strong></span> <span class='ocrx_word' id='word_1_120' title='bbox 1382 703 1630 745; x_wconf 78' lang='lat' dir='ltr'><strong>consuetudo,</strong></span> <span class='ocrx_word' id='word_1_121' title='bbox 1658 714 1731 749; x_wconf 83' lang='lat' dir='ltr'><strong>qua</strong></span> <span class='ocrx_word' id='word_1_122' title='bbox 1756 703 1803 739; x_wconf 92' lang='lat' dir='ltr'><strong>de</strong></span> <span class='ocrx_word' id='word_1_123' title='bbox 1822 703 2066 751; x_wconf 74' lang='lat' dir='ltr'><strong>rapacibus</strong></span> 
     </span>
     <span class='ocr_line' id='line_1_12' title="bbox 178 759 2071 815; baseline 0 -18"><span class='ocrx_word' id='word_1_124' title='bbox 178 762 355 798; x_wconf 88' lang='lat' dir='ltr'><strong>bestiis</strong></span> <span class='ocrx_word' id='word_1_125' title='bbox 394 762 557 809; x_wconf 87' lang='lat' dir='ltr'><strong>positum</strong></span> <span class='ocrx_word' id='word_1_126' title='bbox 595 766 665 804; x_wconf 89' lang='lat' dir='ltr'><strong>est,</strong></span> <span class='ocrx_word' id='word_1_127' title='bbox 705 761 866 797; x_wconf 82' lang='lat' dir='ltr'><strong>maxime</strong></span> <span class='ocrx_word' id='word_1_128' title='bbox 904 765 964 815; x_wconf 79' lang='lat' dir='ltr'><strong>est</strong></span> <span class='ocrx_word' id='word_1_129' title='bbox 1000 762 1186 805; x_wconf 88' lang='lat' dir='ltr'><strong>notanda,</strong></span> <span class='ocrx_word' id='word_1_130' title='bbox 1219 766 1259 798; x_wconf 90' lang='lat' dir='ltr'><strong>ut</strong></span> <span class='ocrx_word' id='word_1_131' title='bbox 1283 763 1459 811; x_wconf 67' lang='grc' dir='ltr'><strong><em>Κέρβερον</em></strong></span> <span class='ocrx_word' id='word_1_132' title='bbox 1496 759 1643 798; x_wconf 75' lang='grc' dir='ltr'><strong><em>ἀναιδέα</em></strong></span> <span class='ocrx_word' id='word_1_133' title='bbox 1669 761 1760 797; x_wconf 89' lang='lat' dir='ltr'><strong>Hes.</strong></span> <span class='ocrx_word' id='word_1_134' title='bbox 1793 761 1937 809; x_wconf 84' lang='lat' dir='ltr'><strong>Theog.</strong></span> <span class='ocrx_word' id='word_1_135' title='bbox 1975 761 2071 807; x_wconf 84' lang='lat' dir='ltr'>3l2;</span> 
     </span>
     <span class='ocr_line' id='line_1_13' title="bbox 180 817 2070 870; baseline 0 -13"><span class='ocrx_word' id='word_1_136' title='bbox 180 818 349 863; x_wconf 76' lang='grc' dir='ltr'><strong><em>ἀναιδέας</em></strong></span> <span class='ocrx_word' id='word_1_137' title='bbox 372 841 422 847; x_wconf 91' lang='grc'><strong>-</strong></span> <span class='ocrx_word' id='word_1_138' title='bbox 442 817 590 863; x_wconf 78' lang='grc' dir='ltr'><strong><em>οἰωνούς</em></strong></span> <span class='ocrx_word' id='word_1_139' title='bbox 619 820 799 868; x_wconf 86' lang='lat' dir='ltr'><strong>Apollon.</strong></span> <span class='ocrx_word' id='word_1_140' title='bbox 825 819 947 856; x_wconf 85' lang='lat' dir='ltr'><strong>Rhod.</strong></span> <span class='ocrx_word' id='word_1_141' title='bbox 973 820 1024 863; x_wconf 90' lang='grc' dir='ltr'>Π,</span> <span class='ocrx_word' id='word_1_142' title='bbox 1048 820 1133 858; x_wconf 87' lang='lat'>383.</span> <span class='ocrx_word' id='word_1_143' title='bbox 1160 843 1208 847; x_wconf 97' lang='lat'><strong>—</strong></span> <span class='ocrx_word' id='word_1_144' title='bbox 1234 818 1277 857; x_wconf 84' lang='grc' dir='ltr'><strong>ἀν</strong></span> <span class='ocrx_word' id='word_1_145' title='bbox 1303 819 1536 870; x_wconf 77' lang='grc' dir='ltr'><strong><em>ἀγριόφαγροι</em></strong></span> <span class='ocrx_word' id='word_1_146' title='bbox 1557 821 1721 870; x_wconf 80' lang='lat' dir='ltr'><strong>Oppian.</strong></span> <span class='ocrx_word' id='word_1_147' title='bbox 1747 820 1834 857; x_wconf 88' lang='lat' dir='ltr'><strong>Hal.</strong></span> <span class='ocrx_word' id='word_1_148' title='bbox 1860 820 1891 865; x_wconf 89' lang='grc' dir='ltr'><strong>Ι,</strong></span> <span class='ocrx_word' id='word_1_149' title='bbox 1921 819 2003 857; x_wconf 94' lang='grc'><strong>140.</strong></span> <span class='ocrx_word' id='word_1_150' title='bbox 2021 841 2070 846; x_wconf 94' lang='grc'>-</span> 
     </span>
     <span class='ocr_line' id='line_1_14' title="bbox 178 875 2068 929; baseline -0.002 -12"><span class='ocrx_word' id='word_1_151' title='bbox 178 875 234 917; x_wconf 75' lang='grc' dir='ltr'><strong>ἄν.</strong></span> <span class='ocrx_word' id='word_1_152' title='bbox 260 879 356 925; x_wconf 80' lang='grc' dir='ltr'><strong><em>φῦλα</em></strong></span> <span class='ocrx_word' id='word_1_153' title='bbox 381 876 570 928; x_wconf 79' lang='grc' dir='ltr'><strong><em>παγούρων</em></strong></span> <span class='ocrx_word' id='word_1_154' title='bbox 596 879 646 916; x_wconf 93' lang='lat' dir='ltr'><strong>ib.</strong></span> <span class='ocrx_word' id='word_1_155' title='bbox 675 878 760 916; x_wconf 88' lang='lat'>281.</span> <span class='ocrx_word' id='word_1_156' title='bbox 783 899 832 905; x_wconf 90' lang='lat'><strong>—-—</strong></span> <span class='ocrx_word' id='word_1_157' title='bbox 856 879 954 922; x_wconf 74' lang='grc' dir='ltr'><strong><em>κῦνες</em></strong></span> <span class='ocrx_word' id='word_1_158' title='bbox 979 875 1200 929; x_wconf 69' lang='grc' dir='ltr'><strong><em>ἁρπακτῆρες</em></strong></span> <span class='ocrx_word' id='word_1_159' title='bbox 1226 876 1277 916; x_wconf 87' lang='grc' dir='ltr'><strong><em>ἀν.</em></strong></span> <span class='ocrx_word' id='word_1_160' title='bbox 1301 880 1352 917; x_wconf 91' lang='lat' dir='ltr'><strong>ib.</strong></span> <span class='ocrx_word' id='word_1_161' title='bbox 1379 879 1463 917; x_wconf 88' lang='grc'><strong>373.</strong></span> <span class='ocrx_word' id='word_1_162' title='bbox 1481 900 1531 905; x_wconf 91' lang='grc'><strong>-</strong></span> <span class='ocrx_word' id='word_1_163' title='bbox 1557 877 1732 924; x_wconf 82' lang='grc' dir='ltr'><strong><em>φάλαιναν</em></strong></span> <span class='ocrx_word' id='word_1_164' title='bbox 1758 879 1811 915; x_wconf 84' lang='grc' dir='ltr'><strong><em>ἀν.</em></strong></span> <span class='ocrx_word' id='word_1_165' title='bbox 1837 880 1888 915; x_wconf 92' lang='lat' dir='ltr'><strong>ib.</strong></span> <span class='ocrx_word' id='word_1_166' title='bbox 1914 879 1999 914; x_wconf 88' lang='grc'><strong>404.</strong></span> <span class='ocrx_word' id='word_1_167' title='bbox 2018 898 2068 904; x_wconf 90' lang='grc'>-</span> 
     </span>
     <span class='ocr_line' id='line_1_15' title="bbox 177 931 2069 986; baseline -0.002 -9"><span class='ocrx_word' id='word_1_168' title='bbox 177 940 272 982; x_wconf 73' lang='grc' dir='ltr'><strong><em>θῶες</em></strong></span> <span class='ocrx_word' id='word_1_169' title='bbox 296 960 345 966; x_wconf 92' lang='lat'><strong>—-</strong></span> <span class='ocrx_word' id='word_1_170' title='bbox 371 936 423 976; x_wconf 85' lang='grc' dir='ltr'><strong><em>ἀν.</em></strong></span> <span class='ocrx_word' id='word_1_171' title='bbox 454 939 506 984; x_wconf 91' lang='grc' dir='ltr'>Π,</span> <span class='ocrx_word' id='word_1_172' title='bbox 545 939 628 976; x_wconf 89' lang='grc'><strong>625.</strong></span> <span class='ocrx_word' id='word_1_173' title='bbox 655 960 705 965; x_wconf 93' lang='grc'>-</span> <span class='ocrx_word' id='word_1_174' title='bbox 726 936 888 976; x_wconf 67' lang='grc' dir='ltr'><strong><em>ἀναιδέα“</em></strong></span> <span class='ocrx_word' id='word_1_175' title='bbox 913 937 1064 986; x_wconf 79' lang='grc' dir='ltr'><strong><em>δείματα</em></strong></span> <span class='ocrx_word' id='word_1_176' title='bbox 1101 936 1234 976; x_wconf 67' lang='grc' dir='ltr'><strong><em>πόντοι]</em></strong></span> <span class='ocrx_word' id='word_1_177' title='bbox 1267 941 1317 983; x_wconf 86' lang='lat' dir='ltr'><strong>V,</strong></span> <span class='ocrx_word' id='word_1_178' title='bbox 1354 940 1414 975; x_wconf 84' lang='lat'>24.</span> <span class='ocrx_word' id='word_1_179' title='bbox 1439 960 1489 966; x_wconf 92' lang='lat'>—</span> <span class='ocrx_word' id='word_1_180' title='bbox 1520 936 1666 976; x_wconf 78' lang='grc' dir='ltr'><strong><em>ἀναιδέα</em></strong></span> <span class='ocrx_word' id='word_1_181' title='bbox 1705 940 1818 984; x_wconf 83' lang='grc' dir='ltr'><strong><em>φῦλα,</em></strong></span> <span class='ocrx_word' id='word_1_182' title='bbox 1845 960 1892 964; x_wconf 89' lang='grc'>-</span> <span class='ocrx_word' id='word_1_183' title='bbox 1917 931 2069 984; x_wconf 66' lang='grc' dir='ltr'><strong><em>ἅρπυιας</em></strong></span> 
     </span>
     <span class='ocr_line' id='line_1_16' title="bbox 179 995 2069 1047; baseline -0.001 -13"><span class='ocrx_word' id='word_1_184' title='bbox 179 997 273 1047; x_wconf 85' lang='lat' dir='ltr'>Cyn.</span> <span class='ocrx_word' id='word_1_185' title='bbox 302 999 354 1042; x_wconf 91' lang='lat' dir='ltr'><strong>II,</strong></span> <span class='ocrx_word' id='word_1_186' title='bbox 380 998 464 1035; x_wconf 89' lang='grc'><strong>619.</strong></span> <span class='ocrx_word' id='word_1_187' title='bbox 492 1020 537 1024; x_wconf 85' lang='grc'>-</span> <span class='ocrx_word' id='word_1_188' title='bbox 564 995 657 1047; x_wconf 81' lang='grc' dir='ltr'><strong><em>ὄρνιν</em></strong></span> <span class='ocrx_word' id='word_1_189' title='bbox 679 996 813 1046; x_wconf 79' lang='grc' dir='ltr'><strong><em>οἰναιδῆ</em></strong></span> <span class='ocrx_word' id='word_1_190' title='bbox 839 998 864 1034; x_wconf 90' lang='lat' dir='ltr'><strong>i.</strong></span> <span class='ocrx_word' id='word_1_191' title='bbox 891 1009 924 1034; x_wconf 89' lang='lat' dir='ltr'><strong>e.</strong></span> <span class='ocrx_word' id='word_1_192' title='bbox 948 998 1167 1045; x_wconf 63' lang='lat' dir='ltr'><strong>accipitrem</strong></span> <span class='ocrx_word' id='word_1_193' title='bbox 1194 999 1244 1034; x_wconf 88' lang='lat' dir='ltr'><strong>ib.</strong></span> <span class='ocrx_word' id='word_1_194' title='bbox 1270 999 1343 1043; x_wconf 90' lang='lat'>111,</span> <span class='ocrx_word' id='word_1_195' title='bbox 1371 998 1453 1035; x_wconf 90' lang='lat'>126.</span> <span class='ocrx_word' id='word_1_196' title='bbox 1471 1020 1519 1025; x_wconf 85' lang='lat'>—</span> <span class='ocrx_word' id='word_1_197' title='bbox 1536 1000 1638 1041; x_wconf 75' lang='grc' dir='ltr'><strong><em>θῶας</em></strong></span> <span class='ocrx_word' id='word_1_198' title='bbox 1663 996 1719 1035; x_wconf 88' lang='grc' dir='ltr'><strong><em>ἀν.</em></strong></span> <span class='ocrx_word' id='word_1_199' title='bbox 1746 999 1797 1034; x_wconf 90' lang='lat' dir='ltr'><strong>ib.</strong></span> <span class='ocrx_word' id='word_1_200' title='bbox 1822 998 1891 1041; x_wconf 93' lang='lat' dir='ltr'><strong>IV,</strong></span> <span class='ocrx_word' id='word_1_201' title='bbox 1917 996 1999 1033; x_wconf 89' lang='lat'>213.</span> <span class='ocrx_word' id='word_1_202' title='bbox 2019 1017 2069 1023; x_wconf 88' lang='lat'><strong>-—</strong></span> 
     </span>
     <span class='ocr_line' id='line_1_17' title="bbox 179 1051 2068 1108; baseline -0.002 -12"><span class='ocrx_word' id='word_1_203' title='bbox 179 1059 280 1107; x_wconf 87' lang='lat' dir='ltr'><strong>apud</strong></span> <span class='ocrx_word' id='word_1_204' title='bbox 302 1059 479 1103; x_wconf 89' lang='lat' dir='ltr'><strong>Quintum</strong></span> <span class='ocrx_word' id='word_1_205' title='bbox 503 1060 598 1102; x_wconf 81' lang='grc' dir='ltr'><strong><em>θῶες</em></strong></span> <span class='ocrx_word' id='word_1_206' title='bbox 623 1056 680 1095; x_wconf 83' lang='grc' dir='ltr'><strong><em>ἀν.</em></strong></span> <span class='ocrx_word' id='word_1_207' title='bbox 707 1059 757 1104; x_wconf 95' lang='lat' dir='ltr'><strong>V,</strong></span> <span class='ocrx_word' id='word_1_208' title='bbox 786 1058 848 1106; x_wconf 76' lang='lat'><strong>183</strong></span> <span class='ocrx_word' id='word_1_209' title='bbox 870 1056 962 1102; x_wconf 85' lang='lat' dir='ltr'>XII,</span> <span class='ocrx_word' id='word_1_210' title='bbox 984 1055 1069 1095; x_wconf 85' lang='lat'>518.</span> <span class='ocrx_word' id='word_1_211' title='bbox 1091 1079 1141 1084; x_wconf 93' lang='lat'><strong>—-</strong></span> <span class='ocrx_word' id='word_1_212' title='bbox 1164 1054 1305 1096; x_wconf 80' lang='grc' dir='ltr'><strong><em>ἀναιδέῖ</em></strong></span> <span class='ocrx_word' id='word_1_213' title='bbox 1322 1060 1407 1108; x_wconf 80' lang='grc' dir='ltr'><strong><em>θηρὶ</em></strong></span> <span class='ocrx_word' id='word_1_214' title='bbox 1432 1058 1481 1101; x_wconf 87' lang='lat' dir='ltr'><strong>V,</strong></span> <span class='ocrx_word' id='word_1_215' title='bbox 1506 1057 1565 1095; x_wconf 90' lang='grc'><strong>37.</strong></span> <span class='ocrx_word' id='word_1_216' title='bbox 1592 1080 1640 1085; x_wconf 94' lang='grc'>-</span> <span class='ocrx_word' id='word_1_217' title='bbox 1666 1056 1703 1107; x_wconf 71' lang='grc' dir='ltr'><strong>ἠὲ</strong></span> <span class='ocrx_word' id='word_1_218' title='bbox 1727 1053 1865 1095; x_wconf 81' lang='grc' dir='ltr'><strong><em>λύκοισι</em></strong></span> <span class='ocrx_word' id='word_1_219' title='bbox 1880 1078 1928 1083; x_wconf 93' lang='lat'>-</span> <span class='ocrx_word' id='word_1_220' title='bbox 1948 1051 2068 1105; x_wconf 83' lang='grc' dir='ltr'><strong><em>μήλων</em></strong></span> 
     </span>
     <span class='ocr_line' id='line_1_18' title="bbox 179 1113 2069 1171; baseline -0.003 -15"><span class='ocrx_word' id='word_1_221' title='bbox 179 1119 379 1171; x_wconf 78' lang='grc' dir='ltr'><strong><em>ληϊστῆρσιν</em></strong></span> <span class='ocrx_word' id='word_1_222' title='bbox 404 1115 580 1156; x_wconf 67' lang='grc' dir='ltr'><strong><em>ἀναιδεῖ-σιν</em></strong></span> <span class='ocrx_word' id='word_1_223' title='bbox 608 1117 698 1164; x_wconf 91' lang='lat' dir='ltr'><strong>VH,</strong></span> <span class='ocrx_word' id='word_1_224' title='bbox 724 1117 808 1156; x_wconf 88' lang='lat'>505.</span> <span class='ocrx_word' id='word_1_225' title='bbox 835 1138 884 1143; x_wconf 89' lang='lat'><strong>—-</strong></span> <span class='ocrx_word' id='word_1_226' title='bbox 909 1113 964 1154; x_wconf 83' lang='grc' dir='ltr'><strong><em>ἀν.</em></strong></span> <span class='ocrx_word' id='word_1_227' title='bbox 997 1115 1138 1160; x_wconf 80' lang='grc' dir='ltr'><strong><em>λέοντος</em></strong></span> <span class='ocrx_word' id='word_1_228' title='bbox 1163 1118 1251 1162; x_wconf 90' lang='lat' dir='ltr'><strong>VH,</strong></span> <span class='ocrx_word' id='word_1_229' title='bbox 1290 1117 1375 1155; x_wconf 89' lang='lat'>464.</span> <span class='ocrx_word' id='word_1_230' title='bbox 1401 1138 1452 1144; x_wconf 91' lang='lat'><strong>—</strong></span> <span class='ocrx_word' id='word_1_231' title='bbox 1477 1113 1603 1165; x_wconf 79' lang='grc' dir='ltr'><strong><em>ἄρκτοι</em></strong></span> <span class='ocrx_word' id='word_1_232' title='bbox 1637 1116 1693 1154; x_wconf 86' lang='grc' dir='ltr'><strong><em>ἀν.</em></strong></span> <span class='ocrx_word' id='word_1_233' title='bbox 1720 1117 1773 1162; x_wconf 87' lang='lat' dir='ltr'><strong>X,</strong></span> <span class='ocrx_word' id='word_1_234' title='bbox 1808 1116 1891 1153; x_wconf 88' lang='lat'>18-1.</span> <span class='ocrx_word' id='word_1_235' title='bbox 1919 1136 1965 1142; x_wconf 92' lang='lat'>—</span> <span class='ocrx_word' id='word_1_236' title='bbox 1992 1114 2069 1152; x_wconf 85' lang='lat' dir='ltr'><strong>Sed</strong></span> 
     </span>
     <span class='ocr_line' id='line_1_19' title="bbox 179 1174 2067 1225; baseline -0.002 -10"><span class='ocrx_word' id='word_1_237' title='bbox 179 1180 228 1215; x_wconf 87' lang='lat' dir='ltr'><strong>ab</strong></span> <span class='ocrx_word' id='word_1_238' title='bbox 253 1179 389 1215; x_wconf 89' lang='lat' dir='ltr'><strong>iisdem</strong></span> <span class='ocrx_word' id='word_1_239' title='bbox 415 1179 530 1216; x_wconf 88' lang='lat' dir='ltr'><strong>etiam</strong></span> <span class='ocrx_word' id='word_1_240' title='bbox 556 1179 603 1215; x_wconf 92' lang='lat' dir='ltr'><strong>de</strong></span> <span class='ocrx_word' id='word_1_241' title='bbox 628 1179 741 1215; x_wconf 91' lang='lat' dir='ltr'><strong>rebus</strong></span> <span class='ocrx_word' id='word_1_242' title='bbox 768 1178 918 1215; x_wconf 83' lang='lat' dir='ltr'><strong>infestis</strong></span> <span class='ocrx_word' id='word_1_243' title='bbox 944 1177 1007 1214; x_wconf 85' lang='lat' dir='ltr'><strong>vel</strong></span> <span class='ocrx_word' id='word_1_244' title='bbox 1032 1177 1253 1214; x_wconf 88' lang='lat' dir='ltr'><strong>truculentis</strong></span> <span class='ocrx_word' id='word_1_245' title='bbox 1278 1178 1429 1215; x_wconf 77' lang='lat' dir='ltr'><strong>dicitur:</strong></span> <span class='ocrx_word' id='word_1_246' title='bbox 1458 1177 1607 1216; x_wconf 73' lang='grc' dir='ltr'><strong><em>ἀναιδέα</em></strong></span> <span class='ocrx_word' id='word_1_247' title='bbox 1631 1199 1673 1204; x_wconf 94' lang='grc'>-</span> <span class='ocrx_word' id='word_1_248' title='bbox 1689 1175 1772 1215; x_wconf 76' lang='grc' dir='ltr'><strong><em>ὄσσε</em></strong></span> <span class='ocrx_word' id='word_1_249' title='bbox 1796 1175 1923 1225; x_wconf 81' lang='lat' dir='ltr'><strong>Apoll.</strong></span> <span class='ocrx_word' id='word_1_250' title='bbox 1946 1174 2067 1212; x_wconf 84' lang='lat' dir='ltr'><strong>Rhod.</strong></span> 
     </span>
     <span class='ocr_line' id='line_1_20' title="bbox 177 1234 2068 1286; baseline -0.003 -10"><span class='ocrx_word' id='word_1_251' title='bbox 177 1238 229 1285; x_wconf 89' lang='lat' dir='ltr'><strong>H,</strong></span> <span class='ocrx_word' id='word_1_252' title='bbox 259 1236 332 1277; x_wconf 91' lang='grc'><strong>407</strong></span> <span class='ocrx_word' id='word_1_253' title='bbox 365 1238 412 1276; x_wconf 91' lang='lat' dir='ltr'><strong>de</strong></span> <span class='ocrx_word' id='word_1_254' title='bbox 444 1237 665 1276; x_wconf 87' lang='lat' dir='ltr'><strong>truculentis</strong></span> <span class='ocrx_word' id='word_1_255' title='bbox 698 1237 874 1275; x_wconf 87' lang='lat' dir='ltr'><strong>draconis</strong></span> <span class='ocrx_word' id='word_1_256' title='bbox 907 1236 1044 1286; x_wconf 82' lang='lat' dir='ltr'><strong>oculis;</strong></span> <span class='ocrx_word' id='word_1_257' title='bbox 1081 1236 1255 1274; x_wconf 79' lang='lat' dir='ltr'><strong>simfliter</strong></span> <span class='ocrx_word' id='word_1_258' title='bbox 1286 1234 1436 1276; x_wconf 77' lang='grc' dir='ltr'><strong><em>ἀναιδέα</em></strong></span> <span class='ocrx_word' id='word_1_259' title='bbox 1465 1234 1602 1277; x_wconf 76' lang='grc' dir='ltr'><strong><em>κανθόν</em></strong></span> <span class='ocrx_word' id='word_1_260' title='bbox 1632 1237 1750 1286; x_wconf 86' lang='lat' dir='ltr'><strong>Orph.</strong></span> <span class='ocrx_word' id='word_1_261' title='bbox 1782 1239 1876 1285; x_wconf 80' lang='lat' dir='ltr'><strong>Arg.</strong></span> <span class='ocrx_word' id='word_1_262' title='bbox 1906 1234 1990 1272; x_wconf 83' lang='lat'>936.</span> <span class='ocrx_word' id='word_1_263' title='bbox 2019 1254 2068 1260; x_wconf 95' lang='lat'>—</span> 
     </span>
     <span class='ocr_line' id='line_1_21' title="bbox 179 1292 2067 1346; baseline -0.002 -13"><span class='ocrx_word' id='word_1_264' title='bbox 179 1295 321 1335; x_wconf 83' lang='grc' dir='ltr'><strong><em>α’ναιδέϊ</em></strong></span> <span class='ocrx_word' id='word_1_265' title='bbox 344 1299 469 1346; x_wconf 84' lang='grc' dir='ltr'><strong><em>γαστρὶ</em></strong></span> <span class='ocrx_word' id='word_1_266' title='bbox 493 1298 591 1345; x_wconf 91' lang='lat' dir='ltr'><strong>Opp.</strong></span> <span class='ocrx_word' id='word_1_267' title='bbox 630 1298 717 1333; x_wconf 85' lang='lat' dir='ltr'><strong>Hal.</strong></span> <span class='ocrx_word' id='word_1_268' title='bbox 742 1298 791 1342; x_wconf 92' lang='grc' dir='ltr'>Π,</span> <span class='ocrx_word' id='word_1_269' title='bbox 818 1297 909 1345; x_wconf 86' lang='grc'><strong>208;</strong></span> <span class='ocrx_word' id='word_1_270' title='bbox 935 1299 982 1342; x_wconf 93' lang='lat' dir='ltr'><strong>V,</strong></span> <span class='ocrx_word' id='word_1_271' title='bbox 1023 1297 1093 1333; x_wconf 88' lang='lat'><strong>163</strong></span> <span class='ocrx_word' id='word_1_272' title='bbox 1118 1297 1165 1334; x_wconf 90' lang='lat' dir='ltr'><strong>de</strong></span> <span class='ocrx_word' id='word_1_273' title='bbox 1194 1302 1326 1334; x_wconf 87' lang='lat' dir='ltr'><strong>ventre</strong></span> <span class='ocrx_word' id='word_1_274' title='bbox 1350 1298 1565 1335; x_wconf 85' lang='lat' dir='ltr'><strong>bestiarum.</strong></span> <span class='ocrx_word' id='word_1_275' title='bbox 1591 1320 1640 1325; x_wconf 97' lang='lat'><strong>—</strong></span> <span class='ocrx_word' id='word_1_276' title='bbox 1665 1293 1891 1345; x_wconf 71' lang='grc' dir='ltr'><strong><em>στομάτεσσιν</em></strong></span> <span class='ocrx_word' id='word_1_277' title='bbox 1935 1292 1989 1333; x_wconf 89' lang='grc' dir='ltr'><strong><em>ἀν.</em></strong></span> <span class='ocrx_word' id='word_1_278' title='bbox 2016 1294 2067 1331; x_wconf 87' lang='lat' dir='ltr'><strong>ib.</strong></span> 
     </span>
     <span class='ocr_line' id='line_1_22' title="bbox 177 1348 2068 1405; baseline -0.001 -11"><span class='ocrx_word' id='word_1_279' title='bbox 177 1357 229 1402; x_wconf 90' lang='lat' dir='ltr'><strong>H,</strong></span> <span class='ocrx_word' id='word_1_280' title='bbox 251 1356 336 1393; x_wconf 84' lang='lat'>442.</span> <span class='ocrx_word' id='word_1_281' title='bbox 359 1378 408 1383; x_wconf 92' lang='grc'><strong>-</strong></span> <span class='ocrx_word' id='word_1_282' title='bbox 433 1353 690 1405; x_wconf 71' lang='grc' dir='ltr'><strong><em>χαυλιόδοντας</em></strong></span> <span class='ocrx_word' id='word_1_283' title='bbox 731 1354 786 1393; x_wconf 79' lang='grc' dir='ltr'><strong><em>ἀν.</em></strong></span> <span class='ocrx_word' id='word_1_284' title='bbox 812 1357 862 1393; x_wconf 92' lang='lat' dir='ltr'><strong>ib.</strong></span> <span class='ocrx_word' id='word_1_285' title='bbox 889 1357 938 1400; x_wconf 90' lang='lat' dir='ltr'><strong>V,</strong></span> <span class='ocrx_word' id='word_1_286' title='bbox 963 1355 1054 1404; x_wconf 67' lang='lat'><strong>3265</strong></span> <span class='ocrx_word' id='word_1_287' title='bbox 1078 1356 1128 1399; x_wconf 86' lang='grc' dir='ltr'>ΙΙ,</span> <span class='ocrx_word' id='word_1_288' title='bbox 1144 1355 1239 1405; x_wconf 12' lang='grc'><strong>7492.</strong></span> <span class='ocrx_word' id='word_1_289' title='bbox 1262 1377 1312 1382; x_wconf 86' lang='grc'>-</span> <span class='ocrx_word' id='word_1_290' title='bbox 1336 1354 1467 1405; x_wconf 74' lang='grc' dir='ltr'><strong><em>λύσσης</em></strong></span> <span class='ocrx_word' id='word_1_291' title='bbox 1503 1354 1557 1393; x_wconf 83' lang='grc' dir='ltr'><strong><em>ἀν.</em></strong></span> <span class='ocrx_word' id='word_1_292' title='bbox 1584 1357 1633 1393; x_wconf 90' lang='lat' dir='ltr'><strong>ib.</strong></span> <span class='ocrx_word' id='word_1_293' title='bbox 1658 1356 1729 1401; x_wconf 89' lang='lat' dir='ltr'><strong>IV,</strong></span> <span class='ocrx_word' id='word_1_294' title='bbox 1764 1355 1849 1391; x_wconf 89' lang='lat'>213.</span> <span class='ocrx_word' id='word_1_295' title='bbox 1878 1376 1923 1381; x_wconf 96' lang='lat'>—</span> <span class='ocrx_word' id='word_1_296' title='bbox 1948 1348 2068 1400; x_wconf 77' lang='grc' dir='ltr'><strong><em>θυμὸς</em></strong></span> 
     </span>
     <span class='ocr_line' id='line_1_23' title="bbox 179 1410 2068 1464; baseline -0.003 -11"><span class='ocrx_word' id='word_1_297' title='bbox 179 1414 234 1453; x_wconf 86' lang='grc' dir='ltr'><strong><em>ἀν.</em></strong></span> <span class='ocrx_word' id='word_1_298' title='bbox 261 1416 356 1454; x_wconf 91' lang='lat' dir='ltr'><strong>Hes.</strong></span> <span class='ocrx_word' id='word_1_299' title='bbox 383 1417 529 1464; x_wconf 87' lang='lat' dir='ltr'><strong>Theog.</strong></span> <span class='ocrx_word' id='word_1_300' title='bbox 568 1416 658 1463; x_wconf 85' lang='lat'><strong>833;</strong></span> <span class='ocrx_word' id='word_1_301' title='bbox 686 1415 779 1463; x_wconf 86' lang='lat' dir='ltr'>Cyn.</span> <span class='ocrx_word' id='word_1_302' title='bbox 819 1416 851 1460; x_wconf 92' lang='lat' dir='ltr'><strong>I,</strong></span> <span class='ocrx_word' id='word_1_303' title='bbox 891 1415 983 1463; x_wconf 75' lang='lat'><strong>4243</strong></span> <span class='ocrx_word' id='word_1_304' title='bbox 1009 1415 1134 1460; x_wconf 87' lang='lat' dir='ltr'><strong>Quint.</strong></span> <span class='ocrx_word' id='word_1_305' title='bbox 1161 1416 1271 1460; x_wconf 83' lang='lat' dir='ltr'>VIII,</span> <span class='ocrx_word' id='word_1_306' title='bbox 1310 1414 1400 1464; x_wconf 85' lang='lat'>391;</span> <span class='ocrx_word' id='word_1_307' title='bbox 1440 1415 1510 1461; x_wconf 89' lang='lat' dir='ltr'><strong>XI,</strong></span> <span class='ocrx_word' id='word_1_308' title='bbox 1551 1416 1608 1452; x_wconf 86' lang='lat'><strong>11.</strong></span> <span class='ocrx_word' id='word_1_309' title='bbox 1631 1437 1680 1442; x_wconf 93' lang='lat'>—</span> <span class='ocrx_word' id='word_1_310' title='bbox 1706 1410 1845 1464; x_wconf 78' lang='grc' dir='ltr'><strong><em>οἶστρος</em></strong></span> <span class='ocrx_word' id='word_1_311' title='bbox 1882 1410 1938 1450; x_wconf 85' lang='grc' dir='ltr'><strong><em>ἀν.</em></strong></span> <span class='ocrx_word' id='word_1_312' title='bbox 1972 1411 2068 1459; x_wconf 84' lang='lat' dir='ltr'>Cyn.</span> 
     </span>
     <span class='ocr_line' id='line_1_24' title="bbox 178 1471 2070 1523; baseline -0.002 -12"><span class='ocrx_word' id='word_1_313' title='bbox 178 1475 248 1518; x_wconf 92' lang='lat' dir='ltr'>III,</span> <span class='ocrx_word' id='word_1_314' title='bbox 280 1475 359 1512; x_wconf 91' lang='lat'>198.</span> <span class='ocrx_word' id='word_1_315' title='bbox 376 1496 425 1501; x_wconf 91' lang='lat'><em>-</em></span> <span class='ocrx_word' id='word_1_316' title='bbox 437 1475 726 1523; x_wconf 87' lang='lat' dir='ltr'><strong>Impudentis</strong></span> <span class='ocrx_word' id='word_1_317' title='bbox 745 1476 850 1511; x_wconf 90' lang='lat' dir='ltr'><strong>notio</strong></span> <span class='ocrx_word' id='word_1_318' title='bbox 868 1475 954 1510; x_wconf 83' lang='lat' dir='ltr'><strong>voci</strong></span> <span class='ocrx_word' id='word_1_319' title='bbox 972 1486 1048 1511; x_wconf 91' lang='lat' dir='ltr'><strong>non</strong></span> <span class='ocrx_word' id='word_1_320' title='bbox 1065 1474 1149 1521; x_wconf 88' lang='lat' dir='ltr'><strong>plus</strong></span> <span class='ocrx_word' id='word_1_321' title='bbox 1169 1475 1285 1519; x_wconf 81' lang='lat' dir='ltr'><strong>semel</strong></span> <span class='ocrx_word' id='word_1_322' title='bbox 1304 1475 1405 1522; x_wconf 88' lang='lat' dir='ltr'><strong>apud</strong></span> <span class='ocrx_word' id='word_1_323' title='bbox 1424 1475 1691 1511; x_wconf 81' lang='lat' dir='ltr'><strong>Callimachum</strong></span> <span class='ocrx_word' id='word_1_324' title='bbox 1713 1477 1859 1519; x_wconf 85' lang='lat' dir='ltr'><strong>subest,</strong></span> <span class='ocrx_word' id='word_1_325' title='bbox 1886 1473 2010 1519; x_wconf 84' lang='lat' dir='ltr'><strong>hymn.</strong></span> <span class='ocrx_word' id='word_1_326' title='bbox 2029 1471 2070 1506; x_wconf 88' lang='lat' dir='ltr'><strong>in</strong></span> 
     </span>
     <span class='ocr_line' id='line_1_25' title="bbox 179 1530 2070 1583; baseline -0.004 -12"><span class='ocrx_word' id='word_1_327' title='bbox 179 1533 367 1572; x_wconf 86' lang='lat' dir='ltr'><strong>Cerer.46</strong></span> <span class='ocrx_word' id='word_1_328' title='bbox 380 1531 529 1572; x_wconf 83' lang='grc' dir='ltr'><strong><em>ἀναιδέα</em></strong></span> <span class='ocrx_word' id='word_1_329' title='bbox 540 1535 641 1580; x_wconf 83' lang='grc' dir='ltr'><strong><em>φῶτα</em></strong></span> <span class='ocrx_word' id='word_1_330' title='bbox 654 1537 693 1570; x_wconf 91' lang='lat' dir='ltr'><strong>et</strong></span> <span class='ocrx_word' id='word_1_331' title='bbox 701 1532 845 1581; x_wconf 82' lang='lat' dir='ltr'><strong>Cyneg.</strong></span> <span class='ocrx_word' id='word_1_332' title='bbox 852 1533 922 1578; x_wconf 88' lang='lat'>111,</span> <span class='ocrx_word' id='word_1_333' title='bbox 933 1532 1018 1581; x_wconf 88' lang='lat'>523,</span> <span class='ocrx_word' id='word_1_334' title='bbox 1030 1534 1095 1570; x_wconf 90' lang='lat' dir='ltr'><strong>ubi</strong></span> <span class='ocrx_word' id='word_1_335' title='bbox 1107 1533 1217 1582; x_wconf 90' lang='lat' dir='ltr'><strong>lepus</strong></span> <span class='ocrx_word' id='word_1_336' title='bbox 1230 1535 1345 1583; x_wconf 71' lang='grc' dir='ltr'><strong><em>θῆλυς</em></strong></span> <span class='ocrx_word' id='word_1_337' title='bbox 1358 1530 1504 1583; x_wconf 84' lang='grc' dir='ltr'><strong><em>ἀναιδής</em></strong></span> <span class='ocrx_word' id='word_1_338' title='bbox 1518 1539 1675 1571; x_wconf 86' lang='lat' dir='ltr'><strong>vocatur</strong></span> <span class='ocrx_word' id='word_1_339' title='bbox 1689 1539 1848 1583; x_wconf 90' lang='lat' dir='ltr'><strong>propter</strong></span> <span class='ocrx_word' id='word_1_340' title='bbox 1860 1531 2070 1568; x_wconf 81' lang='lat' dir='ltr'><strong>libidinem.</strong></span> 
     </span>
    </p>

    <p class='ocr_par' dir='ltr' id='par_1_4' title="bbox 178 1587 2070 2475">
     <span class='ocr_line' id='line_1_26' title="bbox 353 1587 2068 1642; baseline -0.003 -11"><span class='ocrx_word' id='word_1_341' title='bbox 353 1594 388 1640; x_wconf 84' lang='lat'><strong>3,</strong></span> <span class='ocrx_word' id='word_1_342' title='bbox 413 1590 613 1636; x_wconf 76' lang='grc' dir='ltr'><strong><em>Οὐτιδανός</em></strong></span> <span class='ocrx_word' id='word_1_343' title='bbox 653 1604 701 1630; x_wconf 80' lang='lat' dir='ltr'><strong>ex</strong></span> <span class='ocrx_word' id='word_1_344' title='bbox 739 1589 838 1636; x_wconf 68' lang='grc' dir='ltr'><strong><em>οὔτις</em></strong></span> <span class='ocrx_word' id='word_1_345' title='bbox 876 1593 1056 1641; x_wconf 83' lang='lat' dir='ltr'><strong>adjuncta</strong></span> <span class='ocrx_word' id='word_1_346' title='bbox 1082 1604 1280 1642; x_wconf 80' lang='lat' dir='ltr'><strong>paragoge</strong></span> <span class='ocrx_word' id='word_1_347' title='bbox 1306 1615 1355 1619; x_wconf 97' lang='lat'><strong>—</strong></span> <span class='ocrx_word' id='word_1_348' title='bbox 1381 1594 1505 1637; x_wconf 87' lang='grc' dir='ltr'><strong><em>δανος,</em></strong></span> <span class='ocrx_word' id='word_1_349' title='bbox 1533 1606 1629 1641; x_wconf 89' lang='lat' dir='ltr'><strong>quae</strong></span> <span class='ocrx_word' id='word_1_350' title='bbox 1659 1595 1707 1630; x_wconf 63' lang='lat' dir='ltr'><strong>in&gt;</strong></span> <span class='ocrx_word' id='word_1_351' title='bbox 1724 1588 1953 1634; x_wconf 75' lang='grc' dir='ltr'><strong><em>πευκεδανές,</em></strong></span> <span class='ocrx_word' id='word_1_352' title='bbox 1981 1587 2068 1638; x_wconf 79' lang='grc' dir='ltr'><strong><em>ῥιγε-</em></strong></span> 
     </span>
     <span class='ocr_line' id='line_1_27' title="bbox 179 1650 2068 1701; baseline -0.003 -10"><span class='ocrx_word' id='word_1_353' title='bbox 179 1650 300 1698; x_wconf 83' lang='grc' dir='ltr'><strong><em>δανός,</em></strong></span> <span class='ocrx_word' id='word_1_354' title='bbox 328 1654 412 1690; x_wconf 81' lang='lat' dir='ltr'><strong>aliis</strong></span> <span class='ocrx_word' id='word_1_355' title='bbox 430 1657 641 1701; x_wconf 88' lang='lat' dir='ltr'><strong>comparet,</strong></span> <span class='ocrx_word' id='word_1_356' title='bbox 669 1657 808 1698; x_wconf 85' lang='lat' dir='ltr'><strong>ortum,</strong></span> <span class='ocrx_word' id='word_1_357' title='bbox 836 1659 895 1690; x_wconf 89' lang='lat' dir='ltr'><strong>est</strong></span> <span class='ocrx_word' id='word_1_358' title='bbox 909 1665 1109 1700; x_wconf 86' lang='lat' dir='ltr'><strong>nequam.</strong></span> <span class='ocrx_word' id='word_1_359' title='bbox 1162 1652 1244 1697; x_wconf 85' lang='lat' dir='ltr'><strong>Quo</strong></span> <span class='ocrx_word' id='word_1_360' title='bbox 1263 1652 1432 1701; x_wconf 89' lang='lat' dir='ltr'><strong>epitheto</strong></span> <span class='ocrx_word' id='word_1_361' title='bbox 1454 1653 1642 1690; x_wconf 88' lang='lat' dir='ltr'><strong>Homerus</strong></span> <span class='ocrx_word' id='word_1_362' title='bbox 1661 1654 1881 1691; x_wconf 89' lang='lat' dir='ltr'><strong>hominum</strong></span> <span class='ocrx_word' id='word_1_363' title='bbox 1896 1655 2068 1688; x_wconf 90' lang='lat' dir='ltr'><strong>tantum</strong></span> 
     </span>
     <span class='ocr_line' id='line_1_28' title="bbox 178 1708 2069 1760; baseline -0.002 -10"><span class='ocrx_word' id='word_1_364' title='bbox 178 1713 475 1750; x_wconf 85' lang='lat' dir='ltr'><strong>imbecillitatem</strong></span> <span class='ocrx_word' id='word_1_365' title='bbox 504 1712 769 1760; x_wconf 84' lang='lat' dir='ltr'><strong>ignaviamque</strong></span> <span class='ocrx_word' id='word_1_366' title='bbox 797 1712 1001 1760; x_wconf 85' lang='lat' dir='ltr'><strong>significat:</strong></span> <span class='ocrx_word' id='word_1_367' title='bbox 1030 1713 1082 1756; x_wconf 87' lang='lat' dir='ltr'><strong>A,</strong></span> <span class='ocrx_word' id='word_1_368' title='bbox 1109 1712 1196 1749; x_wconf 88' lang='lat'>390:</span> <span class='ocrx_word' id='word_1_369' title='bbox 1225 1708 1356 1760; x_wconf 78' lang='grc' dir='ltr'><strong><em>ἀνδρὸς</em></strong></span> <span class='ocrx_word' id='word_1_370' title='bbox 1393 1709 1582 1755; x_wconf 81' lang='grc' dir='ltr'><strong><em>ἀνάλκιδος</em></strong></span> <span class='ocrx_word' id='word_1_371' title='bbox 1615 1711 1832 1750; x_wconf 73' lang='grc' dir='ltr'><strong><em>οὐτιδανοῖο.</em></strong></span> <span class='ocrx_word' id='word_1_372' title='bbox 1859 1733 1907 1738; x_wconf 91' lang='lat'>—</span> <span class='ocrx_word' id='word_1_373' title='bbox 1933 1725 1955 1756; x_wconf 93' lang='grc' dir='ltr'><strong>ι,</strong></span> <span class='ocrx_word' id='word_1_374' title='bbox 1993 1708 2069 1745; x_wconf 88' lang='grc'><strong>460</strong></span> 
     </span>
     <span class='ocr_line' id='line_1_29' title="bbox 179 1765 2065 1820; baseline -0.003 -10"><span class='ocrx_word' id='word_1_375' title='bbox 179 1768 367 1815; x_wconf 78' lang='grc' dir='ltr'><strong><em>οὐτιδανὸς</em></strong></span> <span class='ocrx_word' id='word_1_376' title='bbox 404 1769 509 1819; x_wconf 84' lang='grc' dir='ltr'><strong><em>πόρεν</em></strong></span> <span class='ocrx_word' id='word_1_377' title='bbox 536 1765 659 1818; x_wconf 74' lang='grc' dir='ltr'><strong><em>Οὖτις,</em></strong></span> <span class='ocrx_word' id='word_1_378' title='bbox 686 1772 818 1818; x_wconf 90' lang='lat' dir='ltr'><strong>quibus</strong></span> <span class='ocrx_word' id='word_1_379' title='bbox 856 1771 951 1808; x_wconf 88' lang='lat' dir='ltr'><strong>locis</strong></span> <span class='ocrx_word' id='word_1_380' title='bbox 986 1771 1153 1819; x_wconf 87' lang='lat' dir='ltr'><strong>adjungo</strong></span> <span class='ocrx_word' id='word_1_381' title='bbox 1179 1774 1231 1815; x_wconf 88' lang='lat' dir='ltr'><strong>A,</strong></span> <span class='ocrx_word' id='word_1_382' title='bbox 1257 1770 1340 1818; x_wconf 83' lang='lat'>231,</span> <span class='ocrx_word' id='word_1_383' title='bbox 1367 1770 1456 1819; x_wconf 85' lang='lat'>293;</span> <span class='ocrx_word' id='word_1_384' title='bbox 1474 1776 1519 1814; x_wconf 81' lang='grc' dir='ltr'>θ,</span> <span class='ocrx_word' id='word_1_385' title='bbox 1552 1771 1643 1820; x_wconf 85' lang='grc'><strong>209;</strong></span> <span class='ocrx_word' id='word_1_386' title='bbox 1671 1787 1695 1816; x_wconf 86' lang='grc' dir='ltr'><strong>ι,</strong></span> <span class='ocrx_word' id='word_1_387' title='bbox 1736 1772 1820 1809; x_wconf 88' lang='grc'><strong>515.</strong></span> <span class='ocrx_word' id='word_1_388' title='bbox 1874 1768 2065 1807; x_wconf 84' lang='lat' dir='ltr'><strong>Hesiodus</strong></span> 
     </span>
     <span class='ocr_line' id='line_1_30' title="bbox 179 1827 2067 1879; baseline -0.002 -11"><span class='ocrx_word' id='word_1_389' title='bbox 179 1833 296 1869; x_wconf 89' lang='lat' dir='ltr'><strong>semel</strong></span> <span class='ocrx_word' id='word_1_390' title='bbox 321 1832 393 1869; x_wconf 83' lang='lat' dir='ltr'><strong>hac</strong></span> <span class='ocrx_word' id='word_1_391' title='bbox 418 1843 513 1868; x_wconf 87' lang='lat' dir='ltr'><strong>voce</strong></span> <span class='ocrx_word' id='word_1_392' title='bbox 541 1842 629 1868; x_wconf 90' lang='lat' dir='ltr'><strong>usus</strong></span> <span class='ocrx_word' id='word_1_393' title='bbox 656 1837 715 1867; x_wconf 87' lang='lat' dir='ltr'><strong>est</strong></span> <span class='ocrx_word' id='word_1_394' title='bbox 740 1834 779 1867; x_wconf 91' lang='lat' dir='ltr'><strong>et</strong></span> <span class='ocrx_word' id='word_1_395' title='bbox 805 1830 852 1867; x_wconf 94' lang='lat' dir='ltr'><strong>de</strong></span> <span class='ocrx_word' id='word_1_396' title='bbox 880 1829 1026 1878; x_wconf 86' lang='lat' dir='ltr'><strong>Satyris</strong></span> <span class='ocrx_word' id='word_1_397' title='bbox 1052 1830 1204 1878; x_wconf 89' lang='lat' dir='ltr'><strong>quidem</strong></span> <span class='ocrx_word' id='word_1_398' title='bbox 1227 1830 1361 1879; x_wconf 84' lang='lat' dir='ltr'><strong>fragm.</strong></span> <span class='ocrx_word' id='word_1_399' title='bbox 1387 1830 1446 1867; x_wconf 88' lang='lat'><strong>91.</strong></span> <span class='ocrx_word' id='word_1_400' title='bbox 1498 1831 1640 1868; x_wconf 88' lang='lat' dir='ltr'><strong>Verum</strong></span> <span class='ocrx_word' id='word_1_401' title='bbox 1667 1832 1917 1879; x_wconf 84' lang='lat' dir='ltr'><strong>posteriores,</strong></span> <span class='ocrx_word' id='word_1_402' title='bbox 1951 1827 2067 1876; x_wconf 87' lang='lat' dir='ltr'><strong>inpri-</strong></span> 
     </span>
     <span class='ocr_line' id='line_1_31' title="bbox 178 1885 2068 1938; baseline -0.002 -10"><span class='ocrx_word' id='word_1_403' title='bbox 178 1890 249 1928; x_wconf 89' lang='lat' dir='ltr'><strong>mis</strong></span> <span class='ocrx_word' id='word_1_404' title='bbox 275 1890 468 1928; x_wconf 84' lang='lat' dir='ltr'><strong>Nicander</strong></span> <span class='ocrx_word' id='word_1_405' title='bbox 509 1894 547 1926; x_wconf 94' lang='lat' dir='ltr'><strong>et</strong></span> <span class='ocrx_word' id='word_1_406' title='bbox 568 1889 779 1938; x_wconf 85' lang='lat' dir='ltr'><strong>Oppianus,</strong></span> <span class='ocrx_word' id='word_1_407' title='bbox 820 1890 920 1936; x_wconf 86' lang='lat' dir='ltr'><strong>apud</strong></span> <span class='ocrx_word' id='word_1_408' title='bbox 961 1901 1054 1937; x_wconf 90' lang='lat' dir='ltr'><strong>quos</strong></span> <span class='ocrx_word' id='word_1_409' title='bbox 1091 1889 1246 1937; x_wconf 85' lang='lat' dir='ltr'><strong>exigui</strong></span> <span class='ocrx_word' id='word_1_410' title='bbox 1286 1889 1601 1937; x_wconf 87' lang='lat' dir='ltr'><strong>significationem</strong></span> <span class='ocrx_word' id='word_1_411' title='bbox 1629 1891 1853 1926; x_wconf 88' lang='lat' dir='ltr'><strong>vocabulum</strong></span> <span class='ocrx_word' id='word_1_412' title='bbox 1878 1885 2068 1929; x_wconf 72' lang='grc' dir='ltr'><strong><em>ου’τιδανός</em></strong></span> 
     </span>
     <span class='ocr_line' id='line_1_32' title="bbox 179 1945 2066 1997; baseline -0.001 -10"><span class='ocrx_word' id='word_1_413' title='bbox 179 1951 319 1996; x_wconf 87' lang='lat' dir='ltr'><strong>induit,</strong></span> <span class='ocrx_word' id='word_1_414' title='bbox 340 1952 391 1988; x_wconf 88' lang='lat' dir='ltr'><strong>ad</strong></span> <span class='ocrx_word' id='word_1_415' title='bbox 416 1952 579 1993; x_wconf 86' lang='lat' dir='ltr'><strong>bestias,</strong></span> <span class='ocrx_word' id='word_1_416' title='bbox 621 1951 709 1997; x_wconf 91' lang='lat' dir='ltr'><strong>quin</strong></span> <span class='ocrx_word' id='word_1_417' title='bbox 736 1951 849 1987; x_wconf 88' lang='lat' dir='ltr'><strong>etiam</strong></span> <span class='ocrx_word' id='word_1_418' title='bbox 881 1950 930 1986; x_wconf 85' lang='lat' dir='ltr'><strong>ad</strong></span> <span class='ocrx_word' id='word_1_419' title='bbox 965 1962 1028 1987; x_wconf 87' lang='lat' dir='ltr'><strong>res</strong></span> <span class='ocrx_word' id='word_1_420' title='bbox 1054 1949 1280 1987; x_wconf 85' lang='lat' dir='ltr'><strong>inanimatas</strong></span> <span class='ocrx_word' id='word_1_421' title='bbox 1314 1949 1603 1987; x_wconf 85' lang='lat' dir='ltr'><strong>transtulerunt:</strong></span> <span class='ocrx_word' id='word_1_422' title='bbox 1633 1948 1794 1988; x_wconf 88' lang='lat' dir='ltr'><strong>Nicand.</strong></span> <span class='ocrx_word' id='word_1_423' title='bbox 1821 1949 1934 1988; x_wconf 87' lang='lat' dir='ltr'><strong>Ther.</strong></span> <span class='ocrx_word' id='word_1_424' title='bbox 1974 1945 2066 1986; x_wconf 80' lang='lat'>385:</span> 
     </span>
     <span class='ocr_line' id='line_1_33' title="bbox 181 2003 2070 2060; baseline -0.001 -13"><span class='ocrx_word' id='word_1_425' title='bbox 181 2005 369 2060; x_wconf 77' lang='grc' dir='ltr'><strong><em>οὐτιδανὴν</em></strong></span> <span class='ocrx_word' id='word_1_426' title='bbox 405 2007 460 2048; x_wconf 78' lang='grc' dir='ltr'><strong>ἐπὶ</strong></span> <span class='ocrx_word' id='word_1_427' title='bbox 497 2006 626 2059; x_wconf 83' lang='grc' dir='ltr'><strong><em>σειρήν,</em></strong></span> <span class='ocrx_word' id='word_1_428' title='bbox 666 2008 823 2046; x_wconf 86' lang='lat' dir='ltr'><strong>caudam</strong></span> <span class='ocrx_word' id='word_1_429' title='bbox 860 2008 998 2045; x_wconf 86' lang='lat' dir='ltr'><strong>exilem</strong></span> <span class='ocrx_word' id='word_1_430' title='bbox 1033 2008 1116 2046; x_wconf 85' lang='lat' dir='ltr'><strong>scil.</strong></span> <span class='ocrx_word' id='word_1_431' title='bbox 1147 2009 1330 2057; x_wconf 85' lang='lat' dir='ltr'><strong>scytales,</strong></span> <span class='ocrx_word' id='word_1_432' title='bbox 1371 2010 1519 2057; x_wconf 77' lang='lat' dir='ltr'><strong>anguis3</strong></span> <span class='ocrx_word' id='word_1_433' title='bbox 1547 2031 1595 2035; x_wconf 97' lang='lat'><strong>—</strong></span> <span class='ocrx_word' id='word_1_434' title='bbox 1627 2010 1717 2045; x_wconf 90' lang='lat' dir='ltr'><strong>ibid.</strong></span> <span class='ocrx_word' id='word_1_435' title='bbox 1756 2009 1841 2046; x_wconf 89' lang='lat'>483.</span> <span class='ocrx_word' id='word_1_436' title='bbox 1878 2003 2070 2046; x_wconf 72' lang='grc' dir='ltr'><strong><em>οὖτιδανοῦ</em></strong></span> 
     </span>
     <span class='ocr_line' id='line_1_34' title="bbox 180 2066 2068 2119; baseline -0.001 -13"><span class='ocrx_word' id='word_1_437' title='bbox 180 2066 403 2118; x_wconf 79' lang='grc' dir='ltr'><strong><em>ἀσκαλάβου,</em></strong></span> <span class='ocrx_word' id='word_1_438' title='bbox 428 2070 538 2118; x_wconf 86' lang='lat' dir='ltr'><strong>parvi</strong></span> <span class='ocrx_word' id='word_1_439' title='bbox 574 2069 773 2106; x_wconf 88' lang='lat' dir='ltr'><strong>stellionis.</strong></span> <span class='ocrx_word' id='word_1_440' title='bbox 824 2069 1019 2116; x_wconf 82' lang='lat' dir='ltr'><strong>Oppianus</strong></span> <span class='ocrx_word' id='word_1_441' title='bbox 1046 2068 1164 2105; x_wconf 86' lang='lat' dir='ltr'><strong>semel</strong></span> <span class='ocrx_word' id='word_1_442' title='bbox 1194 2069 1242 2105; x_wconf 90' lang='lat' dir='ltr'><strong>de</strong></span> <span class='ocrx_word' id='word_1_443' title='bbox 1269 2069 1412 2105; x_wconf 85' lang='lat' dir='ltr'><strong>mintha</strong></span> <span class='ocrx_word' id='word_1_444' title='bbox 1436 2073 1519 2118; x_wconf 78' lang='grc' dir='ltr'><strong><em>ποίη</em></strong></span> <span class='ocrx_word' id='word_1_445' title='bbox 1544 2066 1743 2119; x_wconf 76' lang='grc' dir='ltr'><strong><em>δὀὐτιδανῆ</em></strong></span> <span class='ocrx_word' id='word_1_446' title='bbox 1765 2069 1852 2106; x_wconf 88' lang='lat' dir='ltr'><strong>Hal.</strong></span> <span class='ocrx_word' id='word_1_447' title='bbox 1880 2069 1951 2114; x_wconf 91' lang='grc' dir='ltr'>ΠΙ,</span> <span class='ocrx_word' id='word_1_448' title='bbox 1976 2067 2068 2116; x_wconf 84' lang='grc'><strong>497;</strong></span> 
     </span>
     <span class='ocr_line' id='line_1_35' title="bbox 182 2125 2066 2177; baseline -0.001 -11"><span class='ocrx_word' id='word_1_449' title='bbox 182 2133 311 2166; x_wconf 89' lang='lat' dir='ltr'><strong>cetera</strong></span> <span class='ocrx_word' id='word_1_450' title='bbox 328 2129 375 2165; x_wconf 92' lang='lat' dir='ltr'><strong>de</strong></span> <span class='ocrx_word' id='word_1_451' title='bbox 392 2129 576 2177; x_wconf 87' lang='lat' dir='ltr'><strong>piscibus;</strong></span> <span class='ocrx_word' id='word_1_452' title='bbox 603 2125 729 2177; x_wconf 74' lang='grc' dir='ltr'><strong><em>ὶχθιῖος</em></strong></span> <span class='ocrx_word' id='word_1_453' title='bbox 754 2126 956 2165; x_wconf 79' lang='grc' dir='ltr'><strong><em>οὐτιδανοῶ</em></strong></span> <span class='ocrx_word' id='word_1_454' title='bbox 982 2127 1069 2164; x_wconf 87' lang='lat' dir='ltr'><strong>Hal.</strong></span> <span class='ocrx_word' id='word_1_455' title='bbox 1094 2127 1126 2173; x_wconf 94' lang='lat' dir='ltr'><strong>I,</strong></span> <span class='ocrx_word' id='word_1_456' title='bbox 1155 2127 1230 2164; x_wconf 88' lang='lat'>234</span> <span class='ocrx_word' id='word_1_457' title='bbox 1256 2127 1303 2165; x_wconf 91' lang='lat' dir='ltr'><strong>de</strong></span> <span class='ocrx_word' id='word_1_458' title='bbox 1331 2128 1544 2177; x_wconf 78' lang='lat' dir='ltr'><strong>echineide3</strong></span> <span class='ocrx_word' id='word_1_459' title='bbox 1560 2150 1610 2155; x_wconf 92' lang='lat'>—</span> <span class='ocrx_word' id='word_1_460' title='bbox 1627 2126 1860 2166; x_wconf 75' lang='grc' dir='ltr'><strong><em>οὐτιδανοῖσιν</em></strong></span> <span class='ocrx_word' id='word_1_461' title='bbox 1878 2149 1928 2155; x_wconf 88' lang='grc'><strong>-</strong></span> <span class='ocrx_word' id='word_1_462' title='bbox 1944 2128 2066 2176; x_wconf 72' lang='grc' dir='ltr'><strong><em>μελαν-</em></strong></span> 
     </span>
     <span class='ocr_line' id='line_1_36' title="bbox 181 2185 2065 2238; baseline -0.001 -13"><span class='ocrx_word' id='word_1_463' title='bbox 181 2185 301 2237; x_wconf 71' lang='grc' dir='ltr'><strong><em>ούροις</em></strong></span> <span class='ocrx_word' id='word_1_464' title='bbox 325 2188 375 2225; x_wconf 89' lang='lat' dir='ltr'><strong>ib.</strong></span> <span class='ocrx_word' id='word_1_465' title='bbox 401 2188 486 2226; x_wconf 87' lang='lat'>480.</span> <span class='ocrx_word' id='word_1_466' title='bbox 527 2188 844 2238; x_wconf 87' lang='lat' dir='ltr'><strong>Cynegeticorum</strong></span> <span class='ocrx_word' id='word_1_467' title='bbox 860 2188 1026 2236; x_wconf 84' lang='lat' dir='ltr'><strong>scriptor</strong></span> <span class='ocrx_word' id='word_1_468' title='bbox 1040 2190 1185 2224; x_wconf 89' lang='lat' dir='ltr'><strong>tantum</strong></span> <span class='ocrx_word' id='word_1_469' title='bbox 1201 2186 1249 2224; x_wconf 95' lang='lat' dir='ltr'><strong>de</strong></span> <span class='ocrx_word' id='word_1_470' title='bbox 1270 2188 1418 2224; x_wconf 90' lang='lat' dir='ltr'><strong>bestiis:</strong></span> <span class='ocrx_word' id='word_1_471' title='bbox 1446 2186 1661 2225; x_wconf 79' lang='grc' dir='ltr'><strong><em>οὐτιδανοῖσι</em></strong></span> <span class='ocrx_word' id='word_1_472' title='bbox 1679 2209 1728 2214; x_wconf 91' lang='grc'><strong>--</strong></span> <span class='ocrx_word' id='word_1_473' title='bbox 1746 2189 1891 2236; x_wconf 83' lang='grc' dir='ltr'><strong><em>λίχνοις,</em></strong></span> <span class='ocrx_word' id='word_1_474' title='bbox 1918 2186 2065 2235; x_wconf 83' lang='lat' dir='ltr'><strong>exiguis</strong></span> 
     </span>
     <span class='ocr_line' id='line_1_37' title="bbox 179 2242 2064 2296; baseline -0.001 -12"><span class='ocrx_word' id='word_1_475' title='bbox 179 2248 439 2295; x_wconf 85' lang='lat' dir='ltr'><strong>liguritoribus</strong></span> <span class='ocrx_word' id='word_1_476' title='bbox 466 2249 498 2292; x_wconf 92' lang='grc' dir='ltr'>Ι,</span> <span class='ocrx_word' id='word_1_477' title='bbox 530 2247 613 2284; x_wconf 91' lang='grc'><strong>472.</strong></span> <span class='ocrx_word' id='word_1_478' title='bbox 644 2268 695 2274; x_wconf 94' lang='grc'><strong>-</strong></span> <span class='ocrx_word' id='word_1_479' title='bbox 719 2244 901 2285; x_wconf 76' lang='grc' dir='ltr'><strong><em>οὐτιδανοὶ</em></strong></span> <span class='ocrx_word' id='word_1_480' title='bbox 934 2244 1145 2295; x_wconf 74' lang='grc' dir='ltr'><strong><em>μελάνουροι</em></strong></span> <span class='ocrx_word' id='word_1_481' title='bbox 1170 2247 1220 2291; x_wconf 91' lang='lat' dir='ltr'><strong>II,</strong></span> <span class='ocrx_word' id='word_1_482' title='bbox 1257 2246 1341 2284; x_wconf 88' lang='grc'><strong>391.</strong></span> <span class='ocrx_word' id='word_1_483' title='bbox 1368 2268 1415 2274; x_wconf 89' lang='grc'>-</span> <span class='ocrx_word' id='word_1_484' title='bbox 1441 2242 1650 2290; x_wconf 72' lang='grc' dir='ltr'><strong><em>οὐτιδανοὸς</em></strong></span> <span class='ocrx_word' id='word_1_485' title='bbox 1687 2248 1807 2296; x_wconf 78' lang='grc' dir='ltr'><strong><em>θῆρας</em></strong></span> <span class='ocrx_word' id='word_1_486' title='bbox 1832 2247 1881 2293; x_wconf 94' lang='grc' dir='ltr'><strong>ΙΙ,</strong></span> <span class='ocrx_word' id='word_1_487' title='bbox 1907 2246 1991 2284; x_wconf 90' lang='grc'><strong>571.</strong></span> <span class='ocrx_word' id='word_1_488' title='bbox 2017 2267 2064 2273; x_wconf 89' lang='lat'><strong>—-</strong></span> 
     </span>
     <span class='ocr_line' id='line_1_38' title="bbox 182 2304 2067 2354; baseline -0.001 -10"><span class='ocrx_word' id='word_1_489' title='bbox 182 2304 382 2345; x_wconf 81' lang='grc' dir='ltr'><strong><em>οὐτιδανοῖο</em></strong></span> <span class='ocrx_word' id='word_1_490' title='bbox 407 2304 575 2354; x_wconf 77' lang='grc' dir='ltr'><strong><em>σκιοόρου</em></strong></span> <span class='ocrx_word' id='word_1_491' title='bbox 607 2307 658 2342; x_wconf 91' lang='lat' dir='ltr'><strong>ib.</strong></span> <span class='ocrx_word' id='word_1_492' title='bbox 688 2305 774 2342; x_wconf 84' lang='lat'>586.</span> <span class='ocrx_word' id='word_1_493' title='bbox 802 2326 850 2332; x_wconf 95' lang='lat'>—</span> <span class='ocrx_word' id='word_1_494' title='bbox 874 2306 1027 2342; x_wconf 86' lang='lat' dir='ltr'><strong>Pariter</strong></span> <span class='ocrx_word' id='word_1_495' title='bbox 1052 2306 1211 2350; x_wconf 88' lang='lat' dir='ltr'><strong>Quintus</strong></span> <span class='ocrx_word' id='word_1_496' title='bbox 1243 2307 1301 2342; x_wconf 91' lang='lat' dir='ltr'><strong>bis</strong></span> <span class='ocrx_word' id='word_1_497' title='bbox 1333 2311 1476 2342; x_wconf 87' lang='lat' dir='ltr'><strong>tantum</strong></span> <span class='ocrx_word' id='word_1_498' title='bbox 1503 2307 1549 2342; x_wconf 90' lang='lat' dir='ltr'><strong>de</strong></span> <span class='ocrx_word' id='word_1_499' title='bbox 1582 2307 1731 2342; x_wconf 90' lang='lat' dir='ltr'><strong>bestiis:</strong></span> <span class='ocrx_word' id='word_1_500' title='bbox 1759 2307 1834 2350; x_wconf 85' lang='lat'>111,</span> <span class='ocrx_word' id='word_1_501' title='bbox 1865 2306 1937 2342; x_wconf 88' lang='grc'><strong>264</strong></span> <span class='ocrx_word' id='word_1_502' title='bbox 1963 2308 2067 2354; x_wconf 62' lang='grc' dir='ltr'><strong><em>μυίης</em></strong></span> 
     </span>
     <span class='ocr_line' id='line_1_39' title="bbox 182 2361 2065 2417; baseline -0.002 -13"><span class='ocrx_word' id='word_1_503' title='bbox 182 2366 402 2417; x_wconf 68' lang='grc' dir='ltr'><strong><em>οὐτιδανῇσιν</em></strong></span> <span class='ocrx_word' id='word_1_504' title='bbox 429 2371 467 2404; x_wconf 88' lang='lat' dir='ltr'><strong>et</strong></span> <span class='ocrx_word' id='word_1_505' title='bbox 492 2367 541 2403; x_wconf 90' lang='lat' dir='ltr'><strong>ib.</strong></span> <span class='ocrx_word' id='word_1_506' title='bbox 570 2365 655 2404; x_wconf 87' lang='lat'>353.</span> <span class='ocrx_word' id='word_1_507' title='bbox 682 2361 880 2409; x_wconf 73' lang='grc' dir='ltr'><strong><em>οὐτιδανοῖς</em></strong></span> <span class='ocrx_word' id='word_1_508' title='bbox 904 2364 1080 2414; x_wconf 72' lang='grc' dir='ltr'><strong><em>γύπεσσιν,</em></strong></span> <span class='ocrx_word' id='word_1_509' title='bbox 1107 2370 1310 2414; x_wconf 84' lang='lat' dir='ltr'><strong>praeterea</strong></span> <span class='ocrx_word' id='word_1_510' title='bbox 1332 2365 1551 2415; x_wconf 83' lang='lat' dir='ltr'><strong>plerumque</strong></span> <span class='ocrx_word' id='word_1_511' title='bbox 1578 2365 1624 2403; x_wconf 89' lang='lat' dir='ltr'><strong>de</strong></span> <span class='ocrx_word' id='word_1_512' title='bbox 1649 2365 1858 2403; x_wconf 86' lang='lat' dir='ltr'><strong>hominibus</strong></span> <span class='ocrx_word' id='word_1_513' title='bbox 1877 2364 1926 2401; x_wconf 91' lang='lat' dir='ltr'><strong>ad</strong></span> <span class='ocrx_word' id='word_1_514' title='bbox 1943 2375 2065 2401; x_wconf 84' lang='lat' dir='ltr'><strong>exem-</strong></span> 
     </span>
     <span class='ocr_line' id='line_1_40' title="bbox 181 2424 1659 2475; baseline -0.001 -12"><span class='ocrx_word' id='word_1_515' title='bbox 181 2426 284 2475; x_wconf 87' lang='lat' dir='ltr'><strong>plum</strong></span> <span class='ocrx_word' id='word_1_516' title='bbox 309 2426 483 2464; x_wconf 89' lang='lat' dir='ltr'><strong>Homeri:</strong></span> <span class='ocrx_word' id='word_1_517' title='bbox 511 2426 543 2473; x_wconf 92' lang='grc' dir='ltr'>Ι,</span> <span class='ocrx_word' id='word_1_518' title='bbox 570 2425 654 2471; x_wconf 85' lang='grc'><strong>747,</strong></span> <span class='ocrx_word' id='word_1_519' title='bbox 679 2424 767 2469; x_wconf 86' lang='grc'><strong>823;</strong></span> <span class='ocrx_word' id='word_1_520' title='bbox 793 2425 845 2471; x_wconf 90' lang='lat' dir='ltr'><strong>H,</strong></span> <span class='ocrx_word' id='word_1_521' title='bbox 862 2424 958 2472; x_wconf 83' lang='grc'><strong>·276;</strong></span> <span class='ocrx_word' id='word_1_522' title='bbox 986 2426 1034 2469; x_wconf 89' lang='lat' dir='ltr'><strong>V,</strong></span> <span class='ocrx_word' id='word_1_523' title='bbox 1062 2424 1152 2473; x_wconf 90' lang='lat'>240;</span> <span class='ocrx_word' id='word_1_524' title='bbox 1180 2426 1249 2470; x_wconf 91' lang='lat' dir='ltr'><strong>VI,</strong></span> <span class='ocrx_word' id='word_1_525' title='bbox 1275 2425 1364 2473; x_wconf 89' lang='lat'>415;</span> <span class='ocrx_word' id='word_1_526' title='bbox 1397 2425 1487 2471; x_wconf 90' lang='lat' dir='ltr'>XII,</span> <span class='ocrx_word' id='word_1_527' title='bbox 1512 2425 1572 2469; x_wconf 88' lang='lat'>61,</span> <span class='ocrx_word' id='word_1_528' title='bbox 1600 2426 1659 2462; x_wconf 88' lang='lat'><strong>69.</strong></span> 
     </span>
    </p>

    <p class='ocr_par' dir='ltr' id='par_1_5' title="bbox 182 2483 2066 2712">
     <span class='ocr_line' id='line_1_41' title="bbox 357 2483 2065 2535; baseline -0.001 -13"><span class='ocrx_word' id='word_1_529' title='bbox 357 2486 392 2524; x_wconf 87' lang='lat'><strong>4.</strong></span> <span class='ocrx_word' id='word_1_530' title='bbox 407 2483 593 2535; x_wconf 58' lang='grc' dir='ltr'><strong><em>Ἀσχετος,</em></strong></span> <span class='ocrx_word' id='word_1_531' title='bbox 618 2486 666 2522; x_wconf 85' lang='lat' dir='ltr'><strong>ab</strong></span> <span class='ocrx_word' id='word_1_532' title='bbox 686 2484 854 2522; x_wconf 88' lang='lat' dir='ltr'><strong>Homero</strong></span> <span class='ocrx_word' id='word_1_533' title='bbox 873 2496 956 2522; x_wconf 89' lang='lat' dir='ltr'><strong>cum</strong></span> <span class='ocrx_word' id='word_1_534' title='bbox 970 2485 1122 2523; x_wconf 89' lang='lat' dir='ltr'><strong>nomine</strong></span> <span class='ocrx_word' id='word_1_535' title='bbox 1138 2488 1240 2534; x_wconf 72' lang='grc' dir='ltr'><strong><em>μένος</em></strong></span> <span class='ocrx_word' id='word_1_536' title='bbox 1252 2486 1472 2535; x_wconf 89' lang='lat' dir='ltr'><strong>plerumque</strong></span> <span class='ocrx_word' id='word_1_537' title='bbox 1487 2485 1726 2534; x_wconf 88' lang='lat' dir='ltr'><strong>conjunctum</strong></span> <span class='ocrx_word' id='word_1_538' title='bbox 1739 2486 1839 2523; x_wconf 88' lang='lat' dir='ltr'><strong>etde</strong></span> <span class='ocrx_word' id='word_1_539' title='bbox 1856 2484 2065 2522; x_wconf 87' lang='lat' dir='ltr'><strong>hominibus</strong></span> 
     </span>
     <span class='ocr_line' id='line_1_42' title="bbox 182 2544 2065 2594; baseline -0.001 -13"><span class='ocrx_word' id='word_1_540' title='bbox 182 2545 365 2593; x_wconf 77' lang='lat' dir='ltr'><strong>positum,</strong></span> <span class='ocrx_word' id='word_1_541' title='bbox 391 2556 474 2582; x_wconf 89' lang='lat' dir='ltr'><strong>eum</strong></span> <span class='ocrx_word' id='word_1_542' title='bbox 501 2544 706 2594; x_wconf 82' lang='lat' dir='ltr'><strong>significat,</strong></span> <span class='ocrx_word' id='word_1_543' title='bbox 746 2544 809 2591; x_wconf 89' lang='lat' dir='ltr'><strong>qui</strong></span> <span class='ocrx_word' id='word_1_544' title='bbox 834 2545 974 2581; x_wconf 87' lang='lat' dir='ltr'><strong>robore</strong></span> <span class='ocrx_word' id='word_1_545' title='bbox 1007 2546 1179 2582; x_wconf 89' lang='lat' dir='ltr'><strong>coerceri</strong></span> <span class='ocrx_word' id='word_1_546' title='bbox 1203 2546 1350 2593; x_wconf 85' lang='lat' dir='ltr'><strong>nequit,</strong></span> <span class='ocrx_word' id='word_1_547' title='bbox 1380 2554 1653 2593; x_wconf 87' lang='lat' dir='ltr'><strong>saepenumero</strong></span> <span class='ocrx_word' id='word_1_548' title='bbox 1682 2545 1848 2581; x_wconf 78' lang='lat' dir='ltr'><strong>admixta</strong></span> <span class='ocrx_word' id='word_1_549' title='bbox 1885 2544 2065 2592; x_wconf 82' lang='lat' dir='ltr'><strong>vituperii</strong></span> 
     </span>
     <span class='ocr_line' id='line_1_43' title="bbox 183 2599 2066 2654; baseline 0.001 -14"><span class='ocrx_word' id='word_1_550' title='bbox 183 2605 358 2650; x_wconf 82' lang='lat' dir='ltr'><strong>notione,</strong></span> <span class='ocrx_word' id='word_1_551' title='bbox 378 2609 421 2642; x_wconf 85' lang='lat' dir='ltr'><strong>ut</strong></span> <span class='ocrx_word' id='word_1_552' title='bbox 443 2608 478 2654; x_wconf 82' lang='grc' dir='ltr'>β,</span> <span class='ocrx_word' id='word_1_553' title='bbox 504 2604 566 2650; x_wconf 88' lang='grc'><strong>85,</strong></span> <span class='ocrx_word' id='word_1_554' title='bbox 591 2603 681 2651; x_wconf 73' lang='grc'><strong>303,</strong></span> <span class='ocrx_word' id='word_1_555' title='bbox 707 2618 746 2652; x_wconf 82' lang='grc' dir='ltr'><strong>ρ,</strong></span> <span class='ocrx_word' id='word_1_556' title='bbox 776 2603 863 2649; x_wconf 88' lang='grc'><strong>406,</strong></span> <span class='ocrx_word' id='word_1_557' title='bbox 893 2603 957 2641; x_wconf 90' lang='lat' dir='ltr'><strong>ubi</strong></span> <span class='ocrx_word' id='word_1_558' title='bbox 983 2603 1233 2641; x_wconf 81' lang='lat' dir='ltr'><strong>Telemachus</strong></span> <span class='ocrx_word' id='word_1_559' title='bbox 1260 2606 1362 2652; x_wconf 74' lang='grc' dir='ltr'><strong><em>μένος</em></strong></span> <span class='ocrx_word' id='word_1_560' title='bbox 1386 2599 1507 2653; x_wconf 71' lang='grc' dir='ltr'><strong><em>ἄσχετε</em></strong></span> <span class='ocrx_word' id='word_1_561' title='bbox 1531 2605 1580 2641; x_wconf 86' lang='lat' dir='ltr'><strong>ab</strong></span> <span class='ocrx_word' id='word_1_562' title='bbox 1612 2603 1779 2640; x_wconf 83' lang='lat' dir='ltr'><strong>Antinoo</strong></span> <span class='ocrx_word' id='word_1_563' title='bbox 1803 2614 1920 2651; x_wconf 88' lang='lat' dir='ltr'><strong>proco</strong></span> <span class='ocrx_word' id='word_1_564' title='bbox 1944 2603 2066 2642; x_wconf 83' lang='lat' dir='ltr'><strong>incre-</strong></span> 
     </span>
     <span class='ocr_line' id='line_1_44' title="bbox 183 2659 2065 2712; baseline 0 -11"><span class='ocrx_word' id='word_1_565' title='bbox 183 2667 306 2711; x_wconf 73' lang='lat' dir='ltr'><strong>patu,</strong></span> <span class='ocrx_word' id='word_1_566' title='bbox 339 2667 379 2701; x_wconf 89' lang='lat' dir='ltr'><strong>et</strong></span> <span class='ocrx_word' id='word_1_567' title='bbox 400 2676 430 2707; x_wconf 88' lang='grc' dir='ltr'><strong><em>ν,</em></strong></span> <span class='ocrx_word' id='word_1_568' title='bbox 457 2662 508 2700; x_wconf 85' lang='grc'><strong>19</strong></span> <span class='ocrx_word' id='word_1_569' title='bbox 537 2666 639 2712; x_wconf 73' lang='grc' dir='ltr'><strong><em>μόνος</em></strong></span> <span class='ocrx_word' id='word_1_570' title='bbox 676 2659 818 2711; x_wconf 72' lang='grc' dir='ltr'><strong><em>ἄσχετος</em></strong></span> <span class='ocrx_word' id='word_1_571' title='bbox 838 2659 1022 2710; x_wconf 66' lang='grc' dir='ltr'><strong>Κύκλωψ.</strong></span> <span class='ocrx_word' id='word_1_572' title='bbox 1072 2662 1193 2707; x_wconf 85' lang='lat' dir='ltr'><strong>Quam</strong></span> <span class='ocrx_word' id='word_1_573' title='bbox 1217 2663 1411 2700; x_wconf 84' lang='lat' dir='ltr'><strong>notionem</strong></span> <span class='ocrx_word' id='word_1_574' title='bbox 1444 2664 1482 2698; x_wconf 91' lang='lat' dir='ltr'><strong>in</strong></span> <span class='ocrx_word' id='word_1_575' title='bbox 1514 2664 1657 2705; x_wconf 86' lang='lat' dir='ltr'><strong>verbis,</strong></span> <span class='ocrx_word' id='word_1_576' title='bbox 1696 2663 1842 2709; x_wconf 66' lang='lat' dir='ltr'><strong>quibus,</strong></span> <span class='ocrx_word' id='word_1_577' title='bbox 1861 2662 2065 2701; x_wconf 79' lang='lat' dir='ltr'><strong>Nestorem</strong></span> 
     </span>
    </p>
   </div>
  </div>
 </body>
</html>
