2410 2929
1145 77 1193 116 19

758 196 853 245 Cap.
876 196 962 248 Vll,
1013 197 1075 235 De
1101 198 1312 235 montium
1340 197 1575 246 epithetis.

309 303 312 305 Ι
405 256 438 292 1.
465 253 657 301 Νιφόεις,
682 260 826 293 tantum
857 256 1036 292 montium
1061 257 1211 294 nivibus
1254 256 1492 304 oppletorum
1533 257 1728 304 epitheton
1764 257 1865 304 apud
1890 256 2113 297 Homerum

230 312 309 365 ὄρεϊ
332 312 483 362 νιφόεντι
508 314 556 358 N,
584 314 676 363 7543
703 314 853 364 Θρηκῶν
878 312 965 362 ὄρεα
990 328 1057 361 νιφ.
1084 312 1128 359 Ξ,
1155 314 1246 364 227;
1271 312 1412 364 Κρήτης
1441 311 1525 364 ὄρεα
1548 329 1614 361 νιφ.
1641 330 1671 363 τ,
1699 315 1788 363 338;
1816 312 2030 365 Οὐλύμποιο
2046 327 2117 360 up.

229 376 280 422 Σ,
305 374 397 424 616;
422 372 567 423 Τμώλῳ
589 370 658 412 ὑπὸ
683 371 832 420 νιφόεντι
856 374 912 418 Τ,
937 373 1026 423 385;
1051 387 1244 423 peraeque
1261 375 1363 423 apud
1380 374 1584 423 plerosque
1602 375 1879 423 insequentium
1902 380 2117 424 poetarum:

230 435 355 483 hymn.
382 435 493 472 Hom.
520 435 559 470 in
585 434 713 482 Apoll.
737 433 827 482 2823
852 434 948 482 hym.
976 434 1087 472 Hom.
1114 435 1174 481 14,
1201 434 1242 483 7;
1268 433 1330 479 18,
1355 433 1396 482 6;
1422 434 1581 471 Hesiod.
1607 434 1750 483 Theog.
1769 434 1833 479 42,
1850 435 1908 482 62,
1929 434 2013 481 118,
2031 433 2116 480 794,

231 493 321 542 953;
348 493 491 531 Gallim.
517 493 558 529 in
582 493 717 530 Delum
742 493 806 540 933
838 493 963 541 Apoll.
984 493 1106 530 Rhod.
1132 495 1163 540 Ι,
1191 493 1276 538 504,
1298 492 1412 541 1099;
1438 494 1509 538 ΙΠ,
1538 492 1651 539 1223;
1680 494 1842 542 Oppian.
1860 495 1947 531 Hal.
1974 495 2004 538 I,
2024 493 2121 541 6223

231 553 349 603 Orph.
374 555 468 602 Arg.
501 552 613 600 1291;
644 553 769 598 Quint.
796 553 825 599 I,
853 551 944 602 293;
976 553 1082 600 VIII,
1109 553 1168 591 80.
1215 552 1329 602 Apud
1354 551 1584 590 Nicandrum
1621 558 1743 591 autem
1774 558 1849 600 est,
1873 554 1937 591 ubi
1968 554 2119 591 niveum

232 614 397 650 colorem
427 612 630 659 significet,
656 616 696 648 ut
722 613 831 649 Alex.
858 611 932 649 252
958 609 1037 660 ὀπῷ
1061 610 1211 657 νιφόεντι
1234 609 1377 660 κράδης.
1430 612 1543 648 Ther.
1570 611 1640 647 291
1668 610 1826 657 νιφόεντα
1851 611 2010 660 κεράατα
2037 613 2120 649 scil.

232 668 447 722 αὲμοῤῥόους
473 671 524 708 ib.
551 670 621 709 881
656 667 771 717 νιφόεν
797 668 950 720 σκύλλης
976 668 1079 720 κάρη,
1108 683 1178 709 nec
1204 676 1330 708 tamen
1357 671 1510 709 excluso
1538 670 1740 708 Homerico
1767 684 1851 709 usu:
1888 672 2000 710 Ther.
2037 671 2119 717 145,

231 731 317 777 440,
342 730 416 768 502
439 752 489 757 —
512 729 585 767 958
612 727 763 779 Κλάρον
794 727 958 776 νιφόεοσα
983 732 1138 780 πολίχνη.

406 810 443 846 2.
471 806 674 858 Αἰγλήεις
712 811 814 857 apud
837 810 1043 846 Homerum
1061 814 1238 847 constans
1257 816 1316 847 est
1333 811 1502 857 Olympi,
1521 809 1620 845 ultra
1644 811 1762 846 nubes
1781 813 1977 848 eminentis
1997 812 2119 848 Mace-

234 870 373 907 doniae
400 869 557 913 montis,
585 868 781 917 epitheton
807 868 879 906 hoc
897 869 1100 906 verborum
1118 869 1331 917 complexu:
1357 866 1417 906 ἀπ’
1443 864 1642 918 αἰγλήεντος
1666 865 1856 917 Ὀλύμπου
1873 871 1927 919 (in
1951 871 2122 909 clausula

233 928 401 978 versus),
439 929 504 965 ubi
529 924 687 978 αἰγλήεις
711 928 933 977 fulgidum
960 929 982 965 i.
1012 941 1044 966 e.
1071 929 1197 966 aliena
1217 929 1300 966 luce
1326 929 1583 966 collustratum
1612 929 1780 965 denotat.
1832 929 1972 968 Postea
1996 936 2121 968 autem

234 989 422 1026 derebus
448 988 601 1034 dicitur,
628 999 724 1036 quae
741 1000 810 1025 suo
828 988 976 1036 fulgent
991 989 1148 1034 lumine,
1174 989 1278 1025 velut
1302 989 1350 1025 de
1377 989 1490 1025 astris
1509 989 1856 1036 phaenomenisque
1873 990 2122 1027 coelestibus:

229 1044 326 1091 Ἠὠς
351 1044 444 1095 αἰγλ.
473 1047 601 1095 Apoll.
627 1047 748 1084 Rhod.
774 1048 807 1092 I,
833 1047 923 1096 519;
949 1048 1075 1092 Quint.
1101 1048 1131 1094 Ι,
1158 1047 1249 1098 826;
1276 1046 1401 1095 στάχυν
1424 1044 1515 1095 αἰγλ.
1543 1059 1638 1095 quae
1672 1047 1785 1085 stella
1811 1053 1872 1085 est
1898 1049 1935 1084 in
1962 1049 2122 1097 Virgine

235 1112 340 1143 astro
369 1109 476 1143 Arat.
515 1107 659 1143 Phaen.
684 1107 731 1143 97
738 1120 749 1154 3
784 1103 863 1155 βόες
888 1103 983 1154 αἷγλ.
1011 1105 1167 1155 Σελήνης
1190 1106 1313 1143 Noun.
1342 1107 1372 1152 Ι,
1399 1106 1489 1152 222;
1529 1102 1621 1154 αἰγλ.
1645 1104 1839 1155 Ὄφιοῦχος
1869 1107 1920 1143 ib.
1947 1107 2036 1154 245;
2074 1108 2122 1144 cf.

234 1160 584 1215 Σελήνήζενξαμένη
606 1162 747 1208 πόλους
773 1161 980 1214 αἰγλήεντας
1000 1166 1124 1213 hymn.
1149 1165 1260 1202 Hom.
1288 1164 1349 1210 32,
1375 1166 1416 1213 9;
1454 1166 1500 1202 de
1532 1177 1640 1202 auro
1667 1165 1793 1210 Quint.
1821 1167 1870 1212 V,
1900 1165 1972 1203 623
1998 1162 2125 1213 χρυσὸν

236 1221 330 1272 αἰγλ.
348 1224 474 1272 Apoll.
490 1224 612 1261 Rhod.
638 1224 708 1269 IV,
736 1224 832 1261 1142
850 1220 993 1273 χρύσεον
1010 1222 1102 1273 αἰγλ.
1121 1226 1218 1267 κῶας
1225 1238 1235 1272 ;
1262 1225 1309 1261 de
1333 1225 1516 1272 gemmis
1534 1220 1641 1272 αἷγλι.
1661 1221 1868 1273 σμάραγδον
1894 1225 2010 1273 Orph.
2027 1226 2125 1264 Lith.

236 1283 329 1332 608;
359 1284 407 1321 de
434 1295 589 1321 cerussa
615 1283 698 1320 Nic.
726 1283 834 1320 Alex.
864 1283 927 1332 743
954 1284 1001 1321 de
1029 1284 1147 1321 oculis
1173 1283 1266 1331 Cyn.
1292 1284 1329 1330 3,
1357 1284 1416 1321 26.
1467 1284 1580 1332 Apud
1598 1283 1850 1328 Nicandrum,
1877 1285 1941 1322 ubi
1959 1285 2126 1323 chamae·

236 1333 325 1381 leon
350 1344 482 1390 planta
507 1339 658 1391 αἰγλήεις
684 1344 798 1380 Ther.
825 1343 898 1379 636
924 1345 974 1391 τῷ
1001 1341 1119 1390 ὀρφνῷ
1141 1344 1357 1390 oppositum
1382 1349 1556 1389 vocatur,
1583 1344 1709 1379 album
1732 1345 1883 1380 videtur
1911 1345 2127 1391 designare.

237 1403 436 1440 Postremo
468 1402 636 1438 notanda
662 1406 721 1439 est
741 1402 928 1439 translata
953 1406 1223 1449 attenuataque
1243 1406 1433 1451 potestas,
1456 1414 1552 1450 quae
1579 1403 1628 1439 ad
1653 1402 1863 1450 pulchrum,
1892 1404 2129 1452 praeclarum

237 1474 358 1511 prope
385 1462 552 1510 accedit;
578 1461 626 1498 cf.
644 1461 760 1510 Orph.
778 1464 871 1510 Arg.
901 1461 996 1498 1203
1024 1458 1399 1511 αἱγλήεντα,τέρεμνα,
1427 1463 1651 1511 splendidae
1672 1463 1820 1509 domus,
1849 1469 1887 1501 et
1913 1464 2005 1512 Cyn.
2033 1463 2067 1508 3,
2085 1464 2126 1501 3:

239 1518 331 1570 αἰγλ.
363 1518 518 1568 ἷορκούς.
544 1542 593 1548 --

414 1600 448 1637 3.
475 1597 767 1647 Πολυδειρᾶς,
785 1601 944 1638 alterum
961 1607 1184 1648 perpetuum
1202 1601 1352 1649 Olympi
1370 1602 1607 1647 attributum,
1627 1602 1814 1638 translato
1839 1603 2001 1649 quodam
2019 1604 2129 1639 modo

241 1659 471 1707 significatu,
511 1671 618 1696 mons
646 1660 744 1696 enim
775 1672 850 1696 non
883 1664 1012 1708 potest
1042 1660 1118 1696 dici
1142 1660 1258 1696 multa
1290 1661 1430 1697 habere
1458 1661 1573 1706 colla,
1613 1660 1682 1697 sed
1708 1662 1914 1698 cacumina.
1969 1662 2130 1710 Propria

240 1724 365 1755 autem
392 1719 566 1755 vocabuli
594 1720 651 1756 vis
678 1720 844 1756 cernitur
872 1719 972 1767 apud
1004 1719 1180 1764 Quintum
1206 1721 1273 1766 VI,
1306 1719 1378 1756 212
1410 1724 1448 1757 et
1473 1720 1645 1756 Nonnum
1678 1720 1726 1765 ΙΙ,
1759 1720 1845 1762 380,
1875 1732 2032 1767 quorum
2065 1721 2128 1758 ille

242 1778 400 1825 hydram
425 1778 655 1825 Lernaeam,
682 1779 741 1814 hic
768 1779 988 1825 Typhoeum
1014 1779 1084 1814 hoc
1110 1779 1278 1825 epitheto
1305 1779 1511 1826 insignivit.

726 1896 819 1943 Cap.
847 1896 954 1932 VIII.
1006 1897 1066 1932 De
1093 1908 1176 1933 uno
1202 1897 1401 1944 lapidum
1429 1896 1647 1943 epitheto.

420 1971 602 2024 Τρηχύς,
630 1986 762 2023 asper,
788 1976 835 2012 ab
862 1975 1030 2013 Homero
1056 1975 1176 2023 lapidi
1201 1980 1239 2012 et
1264 1976 1377 2012 rebus
1406 1976 1554 2013 saxosis
1581 1976 1798 2012 attributum
1815 1980 1889 2013 est:
1918 1977 2004 2014 voci
2032 1978 2136 2020 λίθος

245 2035 293 2080 Ε,
320 2033 409 2078 308;
435 2035 485 2080 Η,
506 2034 591 2081 265;
620 2035 671 2080 Φ,
696 2034 787 2082 404;
812 2031 901 2083 ἀκτή
921 2048 953 2080 ε,
969 2034 1061 2082 425;
1085 2032 1293 2083 ἅταραόςξ,
1324 2037 1363 2081 1;
1389 2035 1553 2081 Olizoni,
1572 2035 1791 2071 Thessaliae
1814 2035 1958 2083 oppido
1977 2036 2023 2076 Β,
2045 2036 2135 2083 717;

249 2093 298 2130 ad
316 2097 523 2130 extremum
540 2094 695 2130 Ithacae
713 2093 858 2130 insulae
885 2108 915 2140 ι,
942 2093 1008 2142 27;
1032 2109 1071 2140 κ,
1094 2093 1185 2142 417;
1210 2107 1246 2140 ν,
1276 2093 1361 2130 242.
1411 2094 1518 2131 Idem
1534 2105 1621 2131 usus
1639 2094 1751 2131 etiam
1770 2094 1872 2142 apud
1892 2095 2135 2142 insequentes

247 2153 377 2200 epicos
406 2153 612 2190 inveniturz
639 2152 738 2200 hym.
766 2153 875 2189 Hom.
904 2154 942 2189 in
965 2153 1092 2201 Apoll.
1119 2153 1210 2201 2853
1236 2153 1275 2188 in
1302 2153 1419 2190 Mero.
1448 2152 1537 2201 2733
1567 2153 1692 2200 Apoll.
1709 2152 1834 2188 Rhod.
1862 2153 1912 2198 H,
1939 2152 2022 2196 375,
2049 2153 2134 2199 550,

247 2210 338 2259 568;
362 2211 521 2248 Nicand.
548 2211 661 2248 Ther.
688 2211 771 2258 146,
799 2211 885 2253 217:
913 2211 1006 2260 Cyn.
1033 2212 1063 2258 I,
1087 2211 1152 2260 20;
1179 2212 1296 2260 Orph.
1323 2213 1415 2260 Arg.
1436 2212 1517 2256 181,
1546 2211 1633 2260 7573
1660 2211 1758 2248 Lith.
1779 2211 1870 2253 768;
1896 2212 1965 2249 sed
1982 2213 2134 2260 saepius

248 2272 295 2308 de
327 2272 411 2307 aliis
440 2274 553 2308 rebus
577 2272 647 2308 hoc
680 2272 874 2319 epitheton
908 2272 1061 2314 dicitur,
1088 2279 1143 2315 et,
1184 2273 1284 2318 quod
1310 2273 1513 2308 notandum
1536 2279 1608 2316 est,
1637 2272 1822 2307 translata
1857 2272 2135 2319 significatione

248 2330 362 2366 etiam
390 2330 436 2367 de
463 2330 523 2374 iis,
564 2343 660 2378 quae
683 2342 759 2368 non
784 2330 922 2367 cadunt
948 2331 1017 2366 sub
1043 2335 1200 2377 tactum,
1220 2331 1302 2379 jam
1320 2332 1368 2368 ab
1395 2331 1581 2368 Hesiodo:
1608 2327 1732 2379 ὑσμίνη
1759 2335 1900 2380 τρηχεῖα
1926 2330 2027 2368 Scut.
2053 2331 2136 2368 119.

247 2386 375 2437 τρηχύς
399 2387 535 2433 ἄεθλος
566 2390 712 2427 Gallim.
746 2391 879 2438 fragm.
904 2402 927 2425 a
953 2389 1120 2427 Graevio
1147 2391 1294 2427 coUect.
1320 2391 1467 2435 XXIII,
1495 2390 1534 2437 3,
1569 2386 1694 2438 τρηχὺν
1725 2389 1804 2436 ἔρον
1830 2390 1957 2436 Apoll.
1984 2390 2016 2434 1,
2044 2390 2136 2437 6133

249 2462 301 2495 τρ.
326 2446 439 2496 γάμον
466 2449 628 2497 Oppian.
655 2449 744 2486 Hal.
770 2450 800 2495 Ι,
829 2448 920 2497 529,
946 2462 998 2495 τρ.
1025 2446 1137 2499 ἀλκήν
1161 2450 1212 2486 ib.
1232 2451 1279 2495 V,
1302 2449 1392 2497 201;
1417 2463 1469 2496 τρ.
1489 2448 1577 2496 ἔρως
1597 2448 1690 2495 Cyn.
1708 2448 1756 2493 Π,
1786 2447 1868 2484 187.
1886 2470 1935 2475 -
1952 2463 2005 2496 τρ.
2022 2446 2140 2498 βουλή

249 2507 393 2555 Tryph.
421 2507 512 2556 250;
550 2522 603 2556 τρ.
629 2504 717 2558 ήχήν
743 2508 794 2544 ib.
822 2507 911 2556 3203
935 2509 1092 2557 propria
1118 2508 1411 2557 significatione,
1442 2508 1510 2544 sed
1537 2508 1583 2544 de
1614 2507 1698 2543 aliis
1731 2507 1863 2554 rebus,
1898 2512 2011 2555 atque
2039 2509 2142 2557 apud

250 2566 469 2613 Homerum,
497 2568 624 2617 Apoll.
639 2568 689 2614 Π,
714 2567 762 2605 33
784 2564 998 2615 καλαύροπα
1023 2582 1076 2616 τρ.
1103 2568 1153 2605 ib.
1181 2568 1240 2605 71.
1264 2581 1316 2616 τρ.
1340 2569 1437 2615 κῦμα
1462 2563 1658 2615 θαλάσσης.
1710 2566 1873 2615 Oppian.
1892 2567 1981 2604 Hal.
2000 2567 2052 2615 II,
2070 2568 2145 2605 184

250 2640 300 2674 τρ.
328 2620 463 2674 κῶλον;
490 2627 583 2675 Cyn.
610 2628 659 2673 II,
687 2626 756 2663 381
776 2624 976 2676 τρηχυτᾶτῃ
1001 2630 1118 2676 χαίτῃς
1146 2628 1196 2663 ib.
1225 2627 1293 2670 ΙΠ,
1319 2627 1392 2663 395
1418 2639 1471 2673 τρ.
1498 2624 1651 2672 ἐθείραις
1678 2626 1701 2661 i.
1721 2637 1753 2662 e.
1781 2626 1925 2663 aculeis
1957 2627 2147 2675 erinacei,

2160 0 2410 169 Ἰ
