2410 2929
1234 92 1261 132 ὅ

294 214 405 254 oleae
435 218 475 251 ot
498 212 625 265 lunan-
674 210 869 250 eonfem
893 211 1095 259 Sophoclis
1120 209 1261 260 γλανκὴ
1287 209 1380 250 ἐλάα.
1402 212 1541 260 Oedip.
1560 212 1830 261 ¹(2010111116983
1857 211 2017 251 Pindari
2048 213 2195 261 χρυσὲις

295 270 416 315 ἐλαίας
441 270 592 320 Olymp-
618 270 681 317 10,
706 268 772 318 ,133
798 269 893 312 illud
909 271 1193 320 Δςοείοιιεοῒίθ,
1219 272 1320 320 quod
1346 276 1408 312 est
1431 272 1534 319 apud
1549 271 1794 310 Plutarchum
1821 274 1868 310 de
1895 275 1975 311 orb.
2003 274 2134 311 Lunae
2153 277 2193 321 pL

293 331 369 369 920
392 331 440 368 de
463 330 555 369 luna
581 331 738 369 dietum:
763 327 1010 381 γλαυκόςεφον
1034 328 1179 368 κυάνοιο
1205 333 1381 375 φαείνεται
1405 326 1490 380 ἠΰτε
1516 330 1522 379 Ι
1549 326 1680 379 κούρης
1710 326 1810 378 ὄμμα
1836 332 1897 369 καὶ
1921 327 2013 382 ὑγρὰ
2039 334 2193 381 ubam.

470 421 528 457 11.
554 418 796 465 Εὗστέφανος.
824 421 882 456 Ac
908 420 1068 467 primum
1085 420 1236 467 quidem
1256 420 1304 457 de
1322 420 1600 468 significatione
1612 431 1735 472 pauca
1749 419 1929 459 dieamus.
1967 422 2195 473 Ambigitur,

290 482 414 515 utrum
430 479 480 516 ad
497 480 635 528 capitis
653 484 927 526 ornamentum,
946 492 994 517 an
1013 480 1063 516 ad
1081 492 1214 517 zonam
1231 480 1473 517 referendum
1488 480 1549 516 sit.
1586 473 1807 516 Eustathius
1826 492 1863 527 p.
1887 481 1991 527 1249,
2010 482 2058 518 39
2077 480 2193 529 expli-

291 541 372 574 oet·
390 534 563 586 ὤιοσμος
577 535 676 587 παρὰ
691 534 754 575 τὸν
770 534 978 584 κύφων’
952 553 977 589 η
990 534 1053 589 σὴν
1071 536 1253 589 οσεφᾶνην,
1271 532 1310 583 ὅς
1326 536 1399 576 ἐστι
1414 535 1550 587 κόσμος
1563 544 1783 587 γυναικεῖος.
1795 536 2031 588 humiliave,
2059 540 2192 578 scholi-

292 601 401 635 estne
410 598 570 636 Homeri
578 595 790 644 ῦύστόφανοι
802 598 958 647 pulchro
974 600 1219 637 coronatumf
1209 612 1232 636 1.
1241 612 1273 637 e.
1284 599 1499 636 diademate
1513 602 1687 637 ornatum
1698 610 1784 636 esse
1800 603 1978 636 statuunt.
2007 600 2193 649 Quosego

291 657 443 703 quidem
460 669 600 705 sequor
613 669 737 706 neque
750 659 831 695 scio
847 670 895 695 an
910 659 1005 696 haec
1021 660 1122 696 ratio
1136 660 1337 707 adjuvetur
1349 658 1453 695 hisce
1464 658 1695 696 Homericis:
1717 655 1894 708 στεφάνην
1902 658 2145 709 κεφαλῇφσ..

294 713 441 765 θήκατο
467 717 633 767 χαλκείην
659 718 683 754 i.
712 729 745 754 e.
771 718 921 765 galeam
947 718 997 764 K,
1020 719 1085 765 30;
1110 715 1181 756 ὑπὸ
1209 715 1376 768 στεφάνης
1401 714 1578 766 εὐχάλκου
1604 718 1661 762 Η,
1688 718 1752 767 12,
1777 715 1929 768 στεφάνη
1955 688 2193 769 χαλκοβαρεια

288 775 341 823 A,
369 776 430 814 96.
481 778 543 814 Ab
570 777 741 815 Homero
768 778 941 826 inprimis
970 780 1101 815 Venus
1131 779 1203 815 hoc
1239 779 1410 826 epitheto
1442 782 1628 815 exornata
1659 783 1719 814 est
1747 792 1778 824 σ,
1814 778 1904 825 193,
1930 784 1974 824 θ,
1996 778 2081 825 267,
2100 779 2193 827 288,

287 805 512 874 tuin-semol
534 837 678 874 Diana:
713 836 918 882 ἐϋστέφανος
943 834 1139 886 Κελαᾶεοή
1164 838 1217 883 Φ,
1242 836 1315 874 511
1346 843 1385 874 et
1411 836 1570 885 Mycono
1595 837 1752 874 heroine
1779 840 1810 888 β,
1837 807 1925 884 120,
1952 838 1999 874 ad
2027 838 2194 876 ultimum

290 895 465 943 Thebae,
493 898 586 935 urbs
613 897 817 941 Boeotiae,
846 896 1138 945 hocndjectivo
1166 898 1410 945 appellantur
1437 897 1484 942 T,
1513 896 1571 943 99,
1599 898 1663 933 ubi
1690 897 1870 935 notabilis
1895 902 1956 933 est
1981 898 2057 934 alia
2086 899 2192 935 voc-is

291 960 484 1005 potestas3
512 962 573 995 est
603 957 700 994 enim
727 954 928 1004 εὐστεφᾶιῳ
954 954 1004 993 ἐνὶ
1021 953 1123 1005 Θήβῃ
1143 957 1490 1004 interpretandum:
1515 957 1612 995 bene
1640 957 1773 994 cinctis
1800 957 1824 993 i.
1854 969 1886 994 e.
1916 959 2013 994 bene
2037 958 2191 995 munitis

289 1015 445 1053 Thebis.
500 1017 709 1060 Hesiodus,
737 1016 942 1052 Homerico
971 1028 1038 1052 usu
1067 1021 1237 1061 servato,
1275 1017 1334 1051 bis
1363 1016 1475 1052 etiam
1504 1016 1654 1061 iisdem,
1683 1017 1818 1063 quibus
1846 1017 2048 1063 Homerus,
2074 1019 2189 1054 nomi-

289 1075 401 1113 nibus
429 1088 562 1114 vocem
582 1077 727 1128 junxit:
745 1076 890 1127 Theog.
911 1075 983 1113 978
1002 1073 1095 1113 εὐστ.
1121 1074 1170 1112 ἐνὶ
1193 1072 1295 1126 Θήβῃ
1319 1079 1358 1114 et
1374 1074 1471 1112 1008
1490 1073 1584 1114 εὐστ.
1600 1076 1799 1123 Κυθέρεια.
1852 1078 1905 1116 At
1921 1081 2054 1114 contra
2070 1077 2190 1125 Cyne-

288 1135 500 1183 getieorum
528 1136 694 1183 scriptor
721 1135 838 1173 semel
869 1140 980 1184 prata
1008 1135 1207 1183 (λειμῶνες)
1225 1135 1382 1171 floribus
1399 1135 1580 1172 distincta
1606 1136 1642 1179 I,
1660 1135 1735 1172 462
1757 1141 1796 1172 et
1812 1136 1970 1179 Quintus
1988 1137 2097 1182 XIV,
2116 1137 2192 1173 200

287 1190 416 1244 ἀρκήν
444 1195 516 1232 hoc
542 1195 693 1232 nomine
718 1194 940 1241 appellavit„

465 1274 522 1310 12.
545 1270 760 1318 Ἀελλόαος,
788 1273 871 1310 sine
891 1273 1008 1310 dubio
1036 1273 1145 1309 metri
1172 1284 1309 1310 caussa
1326 1285 1398 1321 pro
1416 1271 1631 1319 ἀελλόπους,
1660 1277 1776 1310 vento
1803 1274 2000 1311 celeritate
2018 1287 2089 1323 par
2113 1276 2137 1312 i.
2157 1287 2189 1312 e.

287 1332 348 1369 vel
376 1333 656 1379 velocissimus,
688 1333 870 1381 positum,
904 1334 951 1369 ab
979 1333 1149 1370 Homero
1176 1334 1250 1370 nisi
1277 1345 1359 1369 cum
1386 1333 1517 1379 Iridis,
1545 1333 1700 1369 deorum
1740 1335 1910 1379 nuntiae,
1938 1335 2087 1371 nomine
2114 1347 2190 1371 non

290 1393 531 1440 conjunctum
557 1397 617 1429 est
635 1397 756 1440 'atque
783 1393 820 1428 in
848 1393 919 1429 hac
946 1393 1096 1439 quidem
1112 1393 1294 1441 formu123
1320 1386 1413 1440 ὦρτο
1440 1387 1565 1440 δ’Ἶρις
1591 1388 1767 1436 ἀελλόπος
1784 1390 1997 1441 ἀγγελέουσα
2024 1394 2072 1439 Θ,
2098 1393 2189 1442 409,

288 1452 340 1498 Ω,
368 1451 426 1498 77,
456 1451 537 1489 159.
590 1453 826 1489 Posterioris
853 1456 979 1489 autom
1006 1452 1144 1490 aetatis
1162 1453 1261 1501 epici
1287 1455 1335 1489 ab
1363 1464 1409 1489 eo
1437 1452 1627 1496 differunt,
1655 1453 1754 1499 quod
1779 1453 1826 1489 de
1846 1453 1978 1490 bestiis
2007 1454 2076 1490 hac
2094 1465 2188 1491 voce

286 1516 456 1561 utuntur,
476 1513 558 1560 jam
578 1513 745 1560 scriptor
761 1513 884 1560 hymn.
914 1513 1027 1550 Hom.
1054 1514 1091 1548 in
1112 1514 1210 1550 Ven.
1238 1513 1286 1549 de
1314 1514 1421 1559 equis
1441 1526 1474 1547 v.
1496 1512 1586 1560 218;
1614 1513 1759 1560 pariter
1777 1513 2001 1559 Apollonius
2019 1513 2188 1549 Rhodius

286 1572 316 1616 Ι,
344 1572 452 1618 1158,
480 1572 654 1620 Orpheus
676 1575 771 1620 Arg.
800 1571 907 1617 1284,
936 1571 1096 1616 Quintus
1124 1571 1274 1619 Smyrn.
1302 1572 1331 1617 I,
1357 1571 1448 1619 612,
1483 1571 1551 1617 IV,
1579 1571 1668 1619 536,
1694 1573 1742 1618 V,
1770 1571 1835 1619 89;
1863 1573 1910 1609 de
1938 1572 2022 1608 aliis
2055 1573 2189 1609 bestiis

284 1631 461 1679 Orpheus
488 1632 588 1669 Lith.
619 1630 691 1667 122
718 1631 933 1678 περδίκεσσιν
960 1629 1249 1673 ἀελλοπόδεσσιν,
1278 1636 1317 1667 et
1343 1631 1661 1678 Cynegeticorum
1688 1632 1870 1678 scriptor,
1901 1632 1963 1678 qui
1990 1632 2047 1668 bis
2075 1633 2188 1668 etiam

282 1691 321 1727 in
338 1688 563 1740 ἀελλοπόδης
579 1702 710 1727 vocem
728 1691 1033 1727 transformavit:
1049 1691 1079 1736 I,
1094 1690 1168 1727 413
1183 1687 1386 1740 ἀελλοπόδῃ
1401 1692 1498 1738 λαγῷ
1511 1694 1549 1726 et
1565 1691 1633 1737 ΙΙΙ,
1653 1690 1725 1726 184
1738 1688 1961 1740 ἀελλοπόδην
1975 1687 2126 1739 ὄναγρον
2139 1713 2188 1718 --

282 1748 530 1789 ἀελλοπόδεσσ’
567 1747 743 1798 ἐλάφοισι,
779 1751 854 1795 ΙΠ,
891 1749 958 1787 191
991 1748 1220 1788 ἀελλοπόδων
1245 1771 1292 1777 -
1319 1748 1496 1797 ὀνάγρων,
1528 1750 1815 1797 Tryphiodorus
1850 1756 2041 1797 postremo
2076 1752 2188 1787 ctiam

280 1810 328 1849 dc
355 1811 517 1850 nubibus
543 1806 775 1847 ἀελλοπόδων
810 1806 989 1854 νεφελάων
1019 1809 1101 1847 189,

459 1890 517 1928 13
542 1886 781 1937 Εὐπλόκαμοι
819 1890 867 1925 ab
892 1889 1063 1927 Homero
1105 1890 1363 1925 tantummodo
1403 1889 1580 1925 mulieres
1624 1895 1821 1935 vocantur,
1866 1891 2036 1937 inprimis
2073 1888 2193 1927 deae·'

285 1947 453 1999 Δημήτηρ
481 1964 515 1993 ε,
544 1949 633 1997 125,
654 1945 752 1992 Ηώς
783 1962 819 1993 ε,
846 1948 938 1996 390,
966 1963 996 1993 ι,
1025 1949 1089 1996 76,
1116 1963 1154 1995 κ,
1186 1948 1273 1996 144,
1293 1945 1434 1997 Ἀθήνη
1464 1961 1506 1997 η,
1532 1948 1600 1997 41,
1616 1945 1787 1997 ’Άρτεμις
1810 1962 1850 1992 υ,
1878 1948 1945 1997 80,
1971 1946 2117 1997 Νύμφαι
2143 1963 2191 1997 μ,-

284 2009 374 2062 132,
400 2006 630 2058 Kal-mmor),
656 2008 741 2054 246,
767 2007 860 2057 2553
890 2023 932 2056 μ,
958 2008 1050 2056 449,
1077 2009 1193 2056 Κίρκη
1220 2021 1258 2051 κ,
1279 2008 1367 2044 136·
1359 2005 1642 2057 ,(ΕκαμήδηΛ,
1670 2006 1807 2057 624,”“
1781 2035 1806 2045 -.
1817 2010 1976 2052 ‚Geton
1967 2020 2184 2057 ,peraeque

283 2072 332 2106 ab
360 2070 533 2107 Hesiodo
560 2070 630 2116 Op.
659 2068 742 2105 298
767 2073 805 2104 et
830 2068 968 2112 Quinto
998 2068 1206 2116 Smyrnaeo
1234 2068 1263 2114 I,
1291 2067 1358 2116 50,
1386 2068 1434 2114 ΙΙ,
1459 2067 1551 2117 595·
1577 2068 1645 2114 IV,
1673 2067 1757 2114 276,
1784 2068 1877 2117 542,
1906 2069 1972 2116 VI,
1992 2068 2075 2115 138,
2099 2068 2188 2106 550.

281 2129 599 2197 Cynegeticorum
638 2132 763 2169 autom
795 2129 971 2177 scriptor
1007 2133 1149 2167 mutato
1174 2096 1389 2175 inteileccu‚
1416 2129 1543 2174 semel
1579 2130 1626 2165 de
1668 2129 1755 2175 lacu
1778 2129 1930 2173 11,131
1956 2125 2186 2175 εὐπλοκάμου

280 2191 403 2238 λίμνης
430 2190 453 2225 i.
478 2201 510 2225 e.
531 2189 661 2236 juncis
687 2189 794 2235 quasi
823 2192 1020 2235 comatae3
1061 2192 1256 2236 postremo
1284 2187 1402 2225 semel
1427 2188 1474 2225 de
1502 2187 1654 2236 polypis
1680 2184 1904 2236 ειπλόκαμοι
1931 2183 2091 2226 πλώουσι
2116 2187 2185 2233 ΠΙ,

284 2248 373 2296 182,
402 2247 503 2297 quod
520 2248 579 2295 iis,
608 2259 704 2296 quae
732 2247 978 2286 antecedunt:
1007 2244 1197 2296 ἀκρέμονες
1212 2239 1289 2285 ὦκα
1313 2249 1384 2284 νέοι
1399 2270 1448 2276 --
1466 2244 1687 2296 ἀλὸήσκουσι
1708 2248 1938 2294 illustratur,
1965 2244 2190 2293 εὐπλόκαμαι

280 2321 374 2357 ergo
402 2309 438 2347 h.
466 2309 491 2344 l.
519 2308 699 2354 flagellis,
726 2308 887 2354 pedibus
906 2308 1081 2346 instructi
1107 2314 1205 2343 suut.
1259 2307 1430 2354 Orpheus
1452 2307 1616 2354 denique
1645 2307 1762 2345 semel
1788 2308 1835 2343 de
1864 2307 1962 2345 viro:
1992 2302 2120 2355 αἰζηοῦ
2139 2326 2187 2332 —

279 2363 526 2416 ειῖπλοκᾶμοιο
554 2367 652 2405 Lith.
677 2366 762 2405 433.
791 2388 834 2394 —

455 2459 549 2506 Cap.
576 2458 626 2494 Il.
682 2457 738 2493 De
767 2456 957 2503 epithetis,
988 2458 1122 2503 quibus
1151 2457 1339 2493 Homerus
1367 2458 1503 2493 heroes
1532 2458 1767 2504 potissimum
1796 2462 1967 2492 exornat.

455 2539 488 2575 1.
516 2536 727 2586 Epitheton
753 2534 929 2582 δαΐφρων,
957 2536 1062 2587 cujus
1090 2536 1200 2587 origo
1227 2548 1302 2575 non
1320 2536 1404 2574 aliis
1428 2537 1524 2577 locis
1546 2549 1568 2573 a
1592 2536 1697 2588 δαῖς,
1716 2536 1801 2575 aliis
1825 2549 1848 2575 a
1866 2534 1995 2586 δαῆναι
2013 2536 2189 2582 ducenda,

277 2602 346 2643 est,
388 2601 429 2634 ut
455 2598 663 2634 Buttmano
702 2595 858 2644 videtur
902 2594 1091 2642 (Lexilog.
1132 2596 1149 2630 I
1185 2608 1221 2644 p.
1265 2595 1339 2631 200
1377 2596 1490 2645 sqq.)
1519 2597 1604 2641 scd,
1646 2600 1686 2631 ut
1711 2585 1926 2632 Nitzschius
1952 2595 2002 2632 ad
2029 2595 2193 2644 Romen,

273 2656 465 2705 Odyss.1,
492 2655 542 2694 48
569 2667 604 2705 p.
633 2648 681 2692 14
707 2666 763 2704 sq.
802 2654 990 2703 exposuit,
1020 2655 1067 2692 ab
1094 2667 1167 2692 uno
1194 2653 1335 2705 δαῆναι,
1370 2660 1613 2709 expertum
1639 2655 1833 2708 significat
1872 2660 1984 2703 atque
2019 2659 2127 2704 patet
2146 2667 2187 2692 111
