2410 2929
1089 65 1114 101 8

153 189 293 235 θοῦρος
318 185 485 222 Halieut.
502 185 572 221 ΠΙ.
598 184 683 230 536,
710 185 818 221 ferox
845 185 1007 232 xiphias,
1033 189 1074 220 et
1098 184 1243 231 Gyneg.
1267 184 1322 228 11,
1346 181 1417 218 317
1443 182 1601 228 πέρδικες
1625 182 1775 228 coepe«,
1804 180 1906 229 quod
1929 179 1973 217 1³¹.
2000 178 2038 216 S.

154 245 276 284 Lehrs
299 243 477 294 perdices
503 254 697 293 pugnaces
721 242 848 289 vertit,
874 242 1005 280 nescio
1029 249 1078 279 an
1100 241 1255 289 injuria3
1281 244 1417 277 natura
1442 241 1541 277 enim
1566 241 1730 287 pugnaci
1743 240 1920 288 perdices
1939 249 2038 284 esse,

155 307 291 354 ignoro
317 307 359 342 et
379 304 556 351 suspicor
576 314 650 339 non
673 308 749 340 tam
776 303 940 350 pugnaci
963 306 1099 339 natura
1124 313 1189 338 eas
1217 312 1321 347 esse,
1358 304 1399 337 ut
1421 311 1493 348 pro
1517 299 1658 347 insigni
1682 299 1772 348 poni
1798 304 1929 347 queat;
1967 298 2040 336 hoc

154 376 249 402 vero
275 363 521 409 notissimum,
559 374 641 410 eas,
670 363 703 400 si
729 361 813 410 quis
848 361 1140 410 appropinquet,
1175 371 1311 409 magno
1348 370 1429 397 cum
1455 359 1616 407 strepitu
1641 360 1862 396 catervatim
1892 370 2054 396 sursum·

154 423 303 469 volare,
330 422 431 471 quod
457 422 621 460 fortasse
649 425 787 470 poetae
813 421 938 458 animo
965 422 1207 458 obversatum
1233 424 1302 457 est.
1332 441 1376 446 —

331 502 365 540 7.
389 499 595 546 Ἐνύαλιος.
645 501 707 539 Ab
730 497 861 548 Ἐνυώ,
886 500 960 538 dea
976 500 1126 546 bellica,
1152 500 1302 537 ductum
1327 499 1392 548 (cf.
1412 497 1548 535 Lehrs.
1566 503 1712 544 quaest.
1736 509 1796 545 ep.
1814 511 1849 546 p.
1874 498 1961 545 181)
1980 504 2042 535 est

157 562 327 611 bellator!
360 566 474 608 atque
507 562 546 597 in
577 561 699 597 Iliade
738 560 933 607 epitheton
965 561 1116 597 Martis:
1144 561 1191 605 B,
1229 559 1319 605 651,
1346 559 1399 603 H,
1426 557 1513 603 166;
1542 557 1589 602 N,
1628 556 1719 605 519;
1740 557 1786 603 P,
1829 557 1912 603 211,
1950 557 2038 606 259,

156 621 214 667 Σ,
234 620 324 669 309,
349 620 464 669 Τ,69,
487 621 539 666 Χ,
565 619 653 667 132,
680 618 825 667 pariter
863 619 965 667 apud
991 618 1200 656 Hesiodum
1226 617 1345 667 (Scut.
1369 615 1471 663 371).
1523 616 1641 652 Multo
1664 616 1777 652 latius
1805 622 1910 664 patet
1934 618 2040 654 vocis

156 691 246 716 usus
270 680 374 727 apud
399 679 634 726 posteriores
661 678 804 725 epicos,
831 689 878 714 ex
893 679 1027 725 quibus
1042 678 1237 725 Oppianus
1252 677 1314 713 vel
1326 677 1384 713 rei
1410 676 1506 713 hanc
1519 687 1652 712 vocem
1670 675 1860 722 adjungit:
1883 674 2041 713 ἐνυάλιον

156 735 262 776 πόνον
287 738 312 776 1.
339 750 374 786 q.
400 733 554 786 πόλεμον
581 736 748 774 Halieut.
775 737 828 782 V,
855 736 940 774 245.
992 735 1310 784 Cynegeticorum
1343 735 1509 783 scriptor
1536 735 1583 770 de
1622 734 1831 770 hominibus
1851 740 1889 770 et
1910 736 2042 771 bestiis

157 809 241 835 eam
267 798 499 844 frequentat:
527 795 698 834 ἐνυαλίων
715 818 764 823 -
780 793 990 833 Αἷνεαδάων
1015 796 1045 841 I,
1072 796 1113 844 2,
1140 792 1299 839 ἐνυάλιος
1320 796 1521 843 Μελέαγρος
1539 794 1594 838 Π,
1613 793 1680 842 23,
1706 791 1751 832 ἐν.
1776 790 1879 842 λόχος
1904 791 2041 843 ἀνδρῶν

155 857 225 904 IV,
257 855 346 906 1933
372 856 402 903 Ι,
428 855 503 893 229
520 855 774 904 Bucephalum
800 854 903 891 illum
927 854 1138 891 Alexandri
1163 866 1297 901 equum
1322 851 1429 891 ’ἶπον
1454 850 1613 890 ἐνυάλιον
1640 854 1733 889 dicit
1759 858 1798 890 et
1823 854 1855 898 I,
1877 853 1938 900 88,
1955 853 2044 901 205,

157 917 226 962 ΙΠ,
255 916 329 953 364
354 916 499 953 bestias
532 915 714 963 quasdam
740 913 941 962 ἐνυαλὶους,
968 918 1161 962 postremo
1188 915 1234 951 de
1257 914 1399 962 mugitu
1427 918 1619 950 taurorum
1643 913 1682 949 in
1710 924 1796 950 sese
1823 913 2044 951 irruentium

157 974 351 1025 ἐνυαλὶῃσιν
383 972 506 1018 ἆῢσαζ
530 975 580 1020 ΙΙ,
606 973 666 1011 58.
694 994 742 1001 -·

334 1054 370 1091 8.
389 1051 602 1104 Ἑκηβόλος,
626 1055 707 1091 sive
726 1055 774 1090 ab
791 1050 870 1097 ἑκάς
901 1058 940 1090 et
961 1050 1114 1103 βάλλειν,
1135 1055 1215 1090 sive
1234 1065 1282 1090 ex
1298 1050 1531 1102 ἑκατηβόλος,
1556 1054 1704 1101 syllaba
1720 1066 1765 1089 ατ
1781 1053 1886 1099 elisa,
1905 1053 2044 1090 sactum

158 1114 224 1163 (cf.
254 1114 420 1151 Lobeck.
452 1113 599 1150 Pathol.
627 1114 775 1162 proleg.
808 1125 845 1161 p.
874 1112 973 1160 143.)
1003 1113 1194 1161 significat
1229 1124 1323 1159 eum,
1363 1113 1427 1160 qui
1458 1113 1600 1161 jaculis
1641 1112 1703 1150 vel
1728 1113 1879 1161 sagittis
1902 1113 2044 1150 eminus

158 1173 297 1219 missis,
326 1174 426 1220 quod
454 1174 560 1221 petit,
598 1174 763 1221 attingit,
795 1173 895 1220 apud
920 1173 1126 1209 Homerum
1149 1177 1372 1220 perpetuum
1397 1172 1599 1220 Apollinis,
1629 1173 1778 1209 subitae
1804 1173 2045 1220 pestilentiae

159 1237 198 1269 et
223 1232 354 1268 mortis
382 1233 583 1278 effecturis,
609 1232 821 1279 epitheton:
850 1234 900 1278 A,
937 1231 994 1277 14,
1018 1232 1077 1277 21,
1108 1231 1198 1277 438,
1224 1232 1282 1277 Π,
1307 1231 1391 1277 513,
1418 1231 1472 1276 ¹1¹,
1499 1231 1588 1278 872;
1617 1232 1707 1279 quin
1739 1232 1853 1269 etiam
1887 1233 2046 1269 nominis

157 1292 303 1340 proprii
332 1292 449 1327 vicem
482 1291 582 1338 gerit
610 1291 756 1338 aliquot
783 1290 914 1328 Iliadis
947 1290 1041 1327 locis
1068 1292 1115 1336 A,
1146 1289 1206 1337 96,
1234 1289 1320 1337 110,
1348 1291 1397 1336 X,
1422 1289 1507 1328 302.
1559 1291 1617 1327 Ex
1647 1292 1892 1339 sequentibus
1928 1290 2047 1338 epicis
2107 1310 2118 1326 ι

160 1351 390 1398 Apollonius
408 1350 577 1387 Rhodius
605 1351 746 1397 primus
771 1361 862 1395 rem,
894 1349 1041 1386 scilicet
1065 1348 1161 1398 ἔγχος
1188 1347 1359 1399 ἑκηβόλον
1384 1355 1498 1387 vocat
1522 1352 1665 1398 Argon.
1692 1351 1723 1398 Ι,
1756 1350 1829 1388 769
1860 1350 1909 1387 ad
1933 1350 2047 1398 tragi-

157 1421 288 1446 corum
332 1409 655 1455 consuetudinem,
695 1420 770 1455 qua
801 1408 1004 1456 Euripides
1043 1409 1097 1443 ait
1121 1406 1285 1457 ὣοηβόλοι
1309 1405 1660 1453 σφενδόναι-Ρὶιοθιι.
1692 1410 1803 1455 1142,
1837 1410 2049 1456 Aeschylus

159 1465 315 1518 ἑκηβόλα
346 1466 432 1515 τόξα
460 1468 614 1505 Eumen.
642 1466 726 1505 598.
779 1466 975 1505 Consimili
1000 1467 1112 1504 modo
1139 1468 1426 1516 Tryphiodorus
1451 1482 1479 1505 ν.
1507 1468 1595 1506 21οε
1623 1465 1793 1518 ἑκηβόλον
1824 1469 1969 1516 ἔτραπεν
1992 1465 2049 1516 ἠῶ

158 1529 183 1565 i.
213 1540 246 1565 e.
273 1528 395 1565 lucem
420 1527 511 1565 solis
539 1528 670 1565 radios
697 1528 745 1565 de
771 1527 848 1564 alto
886 1527 993 1564 coelo
1020 1528 1059 1564 in
1086 1531 1210 1565 terras
1236 1528 1431 1565 mittentis.
1482 1528 1646 1576 Propius
1674 1530 1721 1565 ab
1748 1529 1954 1566 Homerico
1981 1539 2052 1564 usu

160 1589 281 1633 abest,
310 1587 411 1634 quod
437 1587 573 1623 heroes
599 1587 701 1623 idem
726 1587 1013 1634 Tryphiodorus
1041 1591 1080 1623 et
1106 1587 1264 1631 Quintus
1291 1586 1519 1634 Smyrnaeus
1547 1587 1618 1624 hoc
1643 1589 1812 1636 epitheto
1839 1589 2051 1637 appellantz

160 1647 413 1684 Philoctetam
440 1646 566 1691 Quint.
589 1646 664 1693 IX,
690 1646 776 1693 460,
800 1646 986 1683 Teucrum
1009 1645 1150 1694 Tryph.
1180 1645 1262 1682 170.

340 1725 374 1761 9.
404 1726 568 1771 Βοῶπις,
596 1726 804 1772 grandibus
832 1725 950 1779 oculis
981 1725 1168 1772 praedita,
1196 1725 1384 1762 Homerus
1412 1726 1553 1762 Junoni
1584 1727 1819 1773 potissimum
1845 1723 1975 1779 tribuit
2002 1730 2050 1766 ad

161 1784 256 1822 deae
281 1785 519 1833 maiestatem
545 1795 590 1821 ac
607 1783 851 1830 severitatem
876 1783 1166 1830 designandam:
1198 1785 1329 1832 βοῶπις
1352 1780 1476 1820 πότνια
1491 1779 1591 1832 “Hpq
1619 1787 1651 1820 A
1679 1785 1763 1830 551,
1791 1786 1882 1833 568;
1909 1782 1955 1832 A<
1984 1787 2048 1834 50;

161 1845 205 1890 Θ,
231 1845 324 1891 471,
353 1842 396 1889 Ξ,
435 1844 517 1889 159,
557 1844 646 1887 263,
673 1844 730 1880 Π.
758 1842 846 1890 439,
875 1843 923 1889 Σ,
960 1842 1048 1890 239,
1075 1842 1123 1889 Τ,
1156 1841 1244 1891 309,
1283 1847 1485 1892 praeterea
1519 1843 1639 1882 tribus
1676 1844 1844 1883 feminis·
1872 1846 2047 1897 Κλυμένη,

160 1903 203 1952 Γ,
235 1903 321 1950 144,
350 1903 601 1952 Φιλομέδουσα
627 1903 673 1945 H,
698 1902 761 1948 10;
783 1899 892 1951 Ἃλίη
911 1902 1145 1948 Σ,40,ι1118,
1162 1914 1210 1939 ex
1225 1902 1466 1940 Nereidibus.
1495 1905 1555 1939 Ab
1569 1904 1741 1941 Hesiodo
1757 1904 1915 1944 Πλουτώ
1932 1908 2049 1943 Ocea-

163 1964 252 2000 nitis
290 1964 344 1999 sic
385 1967 623 2010 nuncupatur
649 1962 793 2010 Theog.
827 1960 911 2000 355.
937 1982 987 1990 —-
1012 1961 1208 2010 Oppianus
1248 1967 1371 2001 autem
1402 1974 1534 2001 vocem
1573 1963 1622 2000 ad
1648 1964 1809 2002 bestiam
1840 1966 2051 2005 transtulit.

162 2034 283 2071 φωκης
315 2016 495 2072 βοώπιδος
518 2021 607 2059 Hal.
633 2021 662 2068 Ι,
691 2020 775 2058 644.
804 2041 853 2047 -

339 2099 396 2136 10.
421 2100 653 2147 Γλαυκῶπις,
671 2101 751 2137 sive
778 2112 801 2137 a
818 2102 946 2148 γλαῦξ,
963 2102 1043 2137 sive
1061 2112 1084 2137 a
1104 2100 1276 2149 γλαυκός,
1297 2113 1451 2149 quorum
1469 2103 1584 2149 stirps
1602 2099 1787 2150 γλαύσσσιν
1805 2105 1828 2140 1.
1848 2118 1882 2152 q.
1902 2102 2052 2142 λεύσσειν

163 2163 234 2204 est,
260 2160 459 2206 repetitur,
486 2160 622 2197 lucidis
648 2160 765 2197 oculis
789 2160 1002 2208 praeditum
1029 2160 1229 2208 significat,
1258 2164 1298 2198 ut
1325 2161 1542 2200 Doederlin.
1566 2162 1679 2199 docet
1700 2162 1880 2211 (glossar.
1898 2165 2051 2202 Homer.

163 2218 194 2265 Ι,
212 2229 248 2266 p.
265 2216 358 2266 59.),
386 2223 424 2254 et
440 2218 573 2255 mirum
590 2230 700 2266 quam
719 2219 875 2267 pulchre
895 2219 1101 2265 Minervae,
1130 2221 1292 2268 sapienti
1313 2220 1369 2256 illi
1389 2221 1668 2267 bellicosaeque
1688 2222 1783 2258 deae
1798 2244 1845 2249 —
1864 2225 2053 2269 convenit,

166 2279 226 2315 cui
243 2278 316 2314 soli
333 2279 381 2314 ab
399 2279 568 2316 Homero
594 2279 814 2316 attributum
833 2283 905 2317 est.
932 2282 982 2326 A,
1009 2279 1098 2327 206;
1128 2281 1174 2326 Β,
1208 2279 1294 2327 166,
1324 2279 1368 2328 Δ,
1390 2278 1478 2327 439,
1502 2280 1543 2327 Θ,
1571 2279 1655 2325 357,
1681 2280 1766 2329 373,
1792 2281 1882 2329 420,
1909 2281 1960 2328 Ω,
1987 2282 2052 2329 26,

164 2337 212 2383 Ψ,
241 2336 334 2384 769,
361 2340 392 2387 β,
416 2336 505 2385 433,
532 2353 563 2386 y,
583 2337 672 2386 135,
695 2340 731 2385 ζ,
758 2338 848 2388 112,
864 2353 892 2386 ν,
911 2308 998 2386 389,
1018 2353 1058 2385 ω,
1077 2338 1161 2386 518,
1178 2340 1263 2378 540.
1314 2340 1453 2377 Iisdem
1475 2340 1609 2376 finibus
1628 2342 1841 2378 continetur
1861 2342 2054 2378 Hesiodus

166 2396 312 2464 Theog.
340 2397 398 2444 13,
423 2396 508 2443 573,
526 2397 615 2445 888,
636 2398 738 2435 Scut.
755 2397 840 2446 325,
859 2398 943 2445 343,
969 2398 1055 2446 455,
1082 2398 1166 2437 470.
1217 2401 1269 2436 At
1284 2400 1384 2436 inter
1401 2386 1634 2447 posteriores
1649 2401 1779 2448 epicos
1800 2406 1896 2444 sunt,
1918 2403 1981 2448 qui
2007 2423 2056 2429 —

165 2456 297 2493 mirum
324 2457 469 2494 auditu!
500 2477 544 2483 —
570 2468 702 2494 vocem
729 2458 779 2494 ad
796 2469 859 2495 res
877 2458 1104 2495 inanimatas
1121 2458 1364 2495 transferant.
1416 2458 1467 2496 Ut
1482 2458 1713 2506 Euphorion,
1732 2463 1831 2498 teste
1849 2461 2058 2498 scholiasta

166 2515 342 2564 Dionysii
380 2528 536 2565 gramm.
572 2528 633 2565 ap.
659 2516 780 2554 Bekk.
807 2517 954 2554 Anecd.
978 2518 1029 2554 H.
1068 2530 1104 2566 p.
1132 2517 1206 2555 864
1231 2518 1297 2567 (cf.
1322 2518 1497 2555 Meineke
1534 2517 1668 2566 fragm.
1695 2517 1814 2567 CXL)
1854 2521 2057 2568 γλαυκῶπα

167 2571 291 2612 natan
309 2574 452 2612 dixisse
471 2575 703 2623 perhibetur,
730 2579 769 2611 et
789 2576 1041 2623 Empedocles
1066 2577 1190 2613 lunam
1216 2578 1270 2613 sic
1296 2581 1423 2613 vocat:
1450 2573 1698 2625 γλαυκώπιδος
1715 2599 1765 2606 -
1782 2575 1891 2628 μήνης
1923 2593 1957 2615 v.
1976 2580 2059 2618 196.

169 2632 344 2682 Utroque
376 2633 463 2672 loco
489 2635 691 2684 γλαυκῶπις
719 2634 883 2683 positum
908 2635 997 2672 mihi
1024 2635 1173 2672 videtur
1201 2647 1270 2684 pro
1296 2632 1461 2684 γλαυκός,
1489 2642 1530 2672 ut
1555 2636 1739 2693 splendor
1775 2638 1999 2686 designetur
2025 2644 2064 2677 et

2147 0 2410 165 Ἴ
