2410 2929
1115 104 1160 154 17

133 235 140 242 ⁸
197 226 364 264 videtur:
390 223 555 267 διϊκετόκ
577 226 742 271 maurol
766 223 804 260 Π
831 221 922 272 480,
952 222 1134 262 ouum
1154 219 1333 271 ὑμεναίων
1359 219 1453 271 ὄγκῳ
1477 223 1683 272 elafium,
1711 222 1871 271 Σεμέλης
1896 224 2085 270 κυμαίνετο

197 278 333 335 γαότῆρ
349 278 466 328 Vm,
493 282 531 330 6,
571 277 732 332 Σομὲληξ
754 281 923 326 &interfiat
945 303 997 310 -—
1019 280 1125 333 εὐνῆς
1146 281 1257 329 XXI,
1284 282 1366 319 171.

370 353 406 391 2.
434 351 613 400 Δινῆεις,
646 353 858 390 verticosus
885 352 948 389 vel
972 364 1012 389 se
1040 353 1197 390 volvens
1227 353 1265 389 in
1292 352 1421 397 alveo,
1460 352 1532 387 nisi
1564 351 1610 386 de
1649 351 1769 387 fluviis
1808 352 2007 399 profiindis
2035 353 2084 389 ab

197 413 365 462 Homero
392 422 468 451 nou
492 413 655 461 positum
681 417 757 460 est,
785 411 1019 462 maximeque
1050 413 1097 450 de
1124 412 1373 451 Scamandro:
1403 412 1448 458 B,
1475 409 1565 459 877,
1591 410 1638 455 Ε,
1665 410 1754 458 479,
1782 408 1824 458 Ξ,
1851 411 1941 461 434,
1968 413 2022 460 Φ,
2049 412 2084 460 2,

161 477 164 483 “
199 472 282 518 125,
301 472 394 520 206,
419 473 465 518 Χ,
495 472 566 509 148
585 477 657 510 etc.
710 472 827 517 Quem
847 483 951 508 usum
968 472 1104 509 imitati
1124 476 1210 509 sunt
1228 472 1276 508 de
1295 471 1572 519 posterioribus
1590 471 1709 517 epicis
1729 470 1920 508 Hesiodus
1937 472 2084 521 Theog.

197 532 286 580 337;
312 531 557 569 Antimachus
584 531 718 581 fragm.
745 530 810 580 62,
837 530 1063 581 Apollonius
1088 532 1118 576 Ι,
1147 532 1210 580 36,
1242 532 1292 578 Π,
1322 530 1405 578 168,
1432 529 1516 577 355,
1542 529 1625 576 401,
1652 529 1735 577 551,
1762 529 1854 579 596,
1886 530 2088 580 Oppianus

198 593 286 629 Hal.
313 593 344 638 Ι,
375 592 459 638 632,
499 593 546 629 de
573 593 685 639 mari,
728 592 902 639 Orpheus
938 593 1031 639 Arg.
1066 591 1148 628 794.
1200 592 1285 628 Non
1318 592 1483 627 imitatus
1517 598 1576 626 est
1615 589 1789 636 Quintus,
1832 592 1932 638 apud
1974 603 2083 637 quem

199 649 326 701 δινήεις
352 663 375 688 a
408 651 589 700 primaria
620 652 774 688 notione
803 651 1028 688 substantivi
1054 650 1147 699 δίνη,
1175 663 1248 698 qua
1281 658 1339 688 est
1371 649 1550 695 circulus,
1577 650 1775 696 repetitam
1802 651 1982 687 rotundi
2011 651 2083 698 sig-

196 711 451 747 nificationem
486 711 659 756 adscivit,
686 714 726 746 ut
753 711 800 756 V,
830 710 878 746 10
900 706 1040 746 ὁππόσα
1069 706 1228 758 δινήεντα
1261 710 1338 747 κατ’
1369 704 1523 756 οὐρανὸν
1555 705 1811 755 ἀμφιφερονται
1843 713 1881 745 et
1911 707 1979 755 VI,
2012 708 2084 746 109

197 767 255 808 ὑπ’
283 766 379 816 ἄξονι
410 765 566 819 δινήεντι.

371 839 403 875 3.
427 835 625 887 Ἰοειδής,
653 838 777 877 vioiae
797 838 963 875 colorem
979 838 1165 885 referens,
1193 838 1396 884 violaceus,
1423 838 1628 885 nigricans,
1656 838 1704 873 ab
1732 838 1896 874 Homero
1924 838 1997 874 nisi
2019 849 2084 874 no—

197 898 287 935 mini
319 895 445 942 πόντος
484 898 763 945 non'junctum
789 903 863 935 est:
898 899 943 945 A,
969 897 1057 946 298,
1101 897 1226 946 ε,”56,
1266 899 1303 945 λ,
1333 897 1415 934 107.
1466 897 1659 934 Hesiodus
1697 910 1771 934 non
1801 897 1916 933 solum
1957 895 2086 934 πόνων

197 958 341 1005 Theog.
359 957 443 1003 843,
465 969 594 993 verum
622 957 736 993 etiam
760 957 902 993 fontem
927 955 1056 1006 κρήνην
1073 958 1122 993 ib.
1150 957 1174 993 3
1192 957 1263 993 hoc
1284 957 1452 1005 epitheto
1469 956 1651 1004 appellat.
1703 956 1895 1000 Nicander
1914 957 2082 994 exhibet:

198 1012 327 1061 ἰοειδέα
350 1018 469 1065 λοίγον
496 1017 609 1054 Ther.
637 1015 712 1053 243
736 1017 794 1054 ed.
824 1016 1044 1055 Schneider.
1073 1022 1112 1054 et
1138 1014 1256 1054 ἰοειδὲϊ
1279 1022 1411 1065 κέντρῳ
1436 1015 1494 1053 ihs
1514 1017 1597 1063 886,
1626 1018 1694 1054 sed
1721 1023 1881 1063 utroque
1899 1018 1983 1053 loco
2010 1030 2084 1054 vox

197 1077 246 1112 ab
276 1073 345 1122 ἰός,
373 1088 570 1123 venenum,
601 1077 812 1125 repetenda
839 1082 878 1113 et
900 1077 1077 1126 Bentlejo
1103 1081 1141 1113 et
1166 1077 1209 1113 F.
1237 1076 1273 1114 S.
1303 1077 1463 1114 Lehrsio
1488 1077 1643 1113 ducibus
1671 1073 1780 1115 ἰωδέα
1808 1080 1846 1113 et
1872 1072 1970 1115 ἰωδὲϊ
1993 1077 2085 1114 sori-

197 1137 360 1172 bendum
385 1137 547 1172 videtur.
601 1137 796 1183 Oppianus
823 1137 872 1172 ad
890 1138 1047 1173 Homeri
1066 1149 1171 1172 usum
1199 1138 1372 1181 accessit,
1401 1149 1510 1181 quum
1530 1137 1675 1171 diceret
1696 1131 1810 1184 ἅλμης
1836 1137 1979 1177 ἰοειδέος
1997 1137 2083 1171 Hal.

194 1195 241 1241 V,
270 1194 358 1244 103,
386 1194 564 1232 discessit
589 1195 637 1232 ab
663 1205 722 1242 e0,
749 1207 861 1243 quum
885 1196 1030 1246 νεφέλην
1057 1191 1186 1234 ἰοειδέα
1212 1195 1426 1245 appellaret
1450 1195 1482 1241 Ι,
1507 1194 1566 1231 43.

368 1261 635 1312 4·Ἰχθυόεις
666 1265 767 1312 apud
802 1266 1006 1302 Homerum
1040 1270 1100 1302 est
1142 1266 1373 1313 piscosus,
1405 1265 1453 1300 ad
1493 1265 1700 1313 exemplum
1743 1272 2006 1305 sexcentorum
2045 1267 2083 1303 in

194 1346 240 1350 —
264 1320 334 1367 όεις
366 1328 404 1361 et
429 1346 478 1351 —
503 1321 572 1372 ν’]εις
605 1324 856 1361 desinentium
889 1326 1230 1371 abundantiamque
1265 1325 1451 1371 quandam
1482 1326 1690 1360 notantium
1725 1326 2015 1371 adjectivorum,
2047 1332 2086 1362 et

193 1382 413 1432 plerumque
451 1383 588 1419 maris
622 1383 830 1432 epitheton:
866 1384 970 1421 vocis
1006 1380 1134 1429 πόντος
1158 1384 1188 1430 Ι,
1215 1383 1256 1434 4,
1290 1383 1340 1432 Π,
1368 1383 1456 1432 746,
1494 1383 1537 1431 T,
1566 1383 1657 1433 378,
1697 1384 1728 1431 δ,
1765 1383 1849 1432 381,
1881 1383 1965 1431 390,
1995 1384 2084 1434 470,

190 1441 456 1492 Ἑλλήσποντος
472 1443 501 1489 Ι,
529 1443 618 1491 360,
646 1445 800 1482 κέλευθα
826 1459 856 1491 γ,
886 1445 975 1491 177,
1003 1445 1120 1481 semel
1138 1445 1242 1491 Hyni
1269 1445 1371 1480 fluvii
1397 1445 1450 1489 T,
1477 1444 1560 1480 392.
1615 1444 1862 1487 Similisusus
1882 1451 1941 1480 est
1959 1447 2089 1492 hymn.-

195 1502 304 1539 Hom.
330 1502 389 1548 27,
416 1501 457 1547 9,
491 1501 606 1550 Orph.
633 1504 725 1550 Arg.
757 1502 840 1539 340.
879 1502 962 1549 718,
998 1502 1110 1549 1042,
1144 1502 1268 1548 Quint.
1290 1502 1359 1549 IX,
1388 1502 1471 1549 172,
1503 1502 1587 1538 444.
1640 1505 1691 1538 At
1721 1507 1855 1539 contra
1880 1503 2084 1550 Nicander,

194 1562 402 1609 Oppianus,
429 1560 744 1608 Cynegeticorum
764 1563 939 1609 scriptor,
967 1562 1155 1607 Musaeus,
1182 1562 1339 1598 Homeri
1366 1573 1434 1598 usu
1454 1567 1493 1598 et
1509 1562 1666 1608 propria
1685 1563 1789 1598 vocis
1807 1563 2089 1609 significatione

195 1621 276 1658 fere
296 1631 448 1668 semper
463 1620 651 1667 neglecta,
674 1632 744 1669 pro
766 1617 923 1669 ἰχθυινός
941 1621 1001 1658 vel
1025 1617 1194 1670 ἰχθυηρός
1209 1632 1256 1658 ea
1272 1626 1435 1658 utuntur.
1488 1620 1588 1666 Quos
1607 1621 1644 1657 in
1661 1621 1822 1657 transitu
1841 1628 2084 1659 memoratum

195 1681 244 1716 sit
270 1680 419 1716 omnino
440 1680 546 1726 justo
571 1681 691 1717 minus
718 1682 995 1717 terminationis
1022 1702 1071 1706 —
1098 1678 1167 1722 όεις
1193 1681 1267 1716 vim
1295 1692 1339 1717 ae
1365 1684 1594 1729 potestatem
1620 1692 1771 1727 curare,
1799 1681 1838 1717 id
1866 1682 1965 1728 quod
1985 1682 2083 1718 infra

193 1740 232 1776 in
265 1751 334 1776 usu
368 1739 620 1787 epithetorum
649 1736 793 1786 νιφόεις,
831 1737 1033 1788 ἀμπελόεις,
1061 1740 1234 1786 aliorum,
1267 1740 1447 1788 cognosci
1476 1740 1576 1777 licet.
1628 1740 1822 1776 Nicander
1846 1741 1902 1777 ait
1926 1738 2082 1789 γευθμὸς

192 1795 348 1847 ἰχθυόεις
365 1798 476 1835 AIex.
503 1798 592 1846 4683
620 1799 833 1847 Oppianus,
863 1804 1023 1847 excepto
1044 1811 1116 1835 uno
1136 1799 1221 1836 loco
1240 1799 1328 1836 Hal.
1346 1801 1394 1845 V,
1423 1799 1506 1845 678,
1535 1811 1607 1846 quo
1625 1799 1674 1835 ad
1693 1799 1851 1836 Homeri
1871 1801 2081 1847 exemplum

191 1858 304 1907 dicit,
333 1854 525 1906 ἰχθυόεσσα
551 1854 720 1895 θάλασσα
746 1880 791 1885 -
821 1860 896 1908 βίον
924 1855 1112 1907 ἰχθυόεντα
1138 1858 1162 1893 i.
1190 1870 1221 1895 e.
1248 1854 1382 1907 ἰχθύων
1406 1858 1493 1895 Hal.
1519 1859 1549 1905 Ι,
1576 1858 1617 1906 6,
1644 1859 1795 1906 γένεθλα
1820 1854 1891 1907 ἰχθ.
1918 1860 1968 1896 ib.
1994 1859 2083 1910 4493

189 1914 306 1966 θήρην
334 1913 405 1966 ἰχθ.
430 1918 481 1953 ib.
510 1917 597 1964 666,
624 1913 732 1967 ἄγρην
752 1915 821 1966 ἷχθ.
849 1919 899 1956 ib.
927 1920 975 1965 V,
1003 1917 1094 1966 372,
1121 1914 1210 1955 &tvai
1230 1914 1302 1966 ἷχθ.
1320 1918 1370 1964 II,
1397 1918 1489 1965 256,
1515 1918 1623 1966 δέμας
1648 1914 1720 1965 ἰχθ.
1749 1918 1817 1963 ΙΠ,
1844 1918 1934 1966 548,
1960 1918 2080 1966 Cyne-

191 1976 401 2024 geticorum
428 1977 593 2025 scriptor
619 1973 775 2025 ἰχθυόεις
802 1971 924 2024 ὅμιλος
940 1978 990 2023 Π,
1019 1977 1108 2025 389,
1135 1977 1313 2014 Musaeus
1339 1972 1431 2025 ὀδμὴ
1459 1973 1713 2025 ἰχθυόεσσα-
1731 1974 1917 2025 θαλάσσης
1942 1990 1976 2013 v.
1995 1977 2081 2015 270.

362 2054 397 2091 5.
430 2054 656 2101 Κελάδων,
701 2060 895 2103 strepens,
939 2055 978 2091 in
1008 2055 1167 2093 Homeri
1200 2055 1427 2093 carminibus
1466 2060 1526 2092 est
1557 2067 1707 2102 aquae
1745 2055 1957 2102 epitheton:
1996 2053 2083 2103 ῥόος

189 2111 349 2152 κελάδων
369 2114 419 2158 Φ,
445 2114 509 2163 16,
536 2110 606 2162 πὰρ
623 2110 784 2162 ποταμὸν
804 2111 1002 2153 κελάδοντα
1017 2114 1062 2162 Σ,
1079 2114 1169 2162 576,
1195 2110 1377 2152 κελάδοντ’
1395 2113 1452 2152 ἐπὶ
1469 2113 1596 2152 οἴνοπα
1610 2111 1736 2152 πόντου
1754 2117 1791 2162 β,
1817 2114 1907 2163 421,
1934 2115 2079 2162 pariter

192 2173 293 2221 apud
318 2173 565 2221 Apollonium
584 2174 614 2220 Ι,
641 2173 732 2221 501,
766 2174 836 2220 IV,
863 2173 952 2222 133,
984 2174 1197 2221 Oppianum
1223 2173 1311 2211 Hal.
1338 2174 1388 2219 V,
1413 2173 1507 2221 2153
1546 2173 1743 2211 coluthum
1769 2186 1804 2209 v.
1829 2173 1866 2219 6;
1905 2173 2079 2217 Quintum

188 2232 257 2278 IV,
282 2232 371 2284 158,
397 2232 447 2278 X,
474 2232 556 2279 145,
585 2232 672 2279 171,
699 2232 767 2269 sed
793 2233 841 2269 ab
869 2232 941 2270 hoc
968 2233 1016 2269 de
1041 2233 1194 2270 ventis
1222 2244 1370 2280 quoque
1396 2234 1559 2280 positum
1578 2237 1647 2278 est,
1676 2237 1717 2269 ut
1739 2232 1809 2278 III,
1837 2231 1905 2269 751
1925 2228 2079 2279 Ζεφύρῳ

190 2288 396 2341 κελάδοντι,
419 2292 489 2339 IV,
513 2291 587 2330 553
610 2289 731 2330 Νότου
757 2292 848 2341 καλ,
872 2292 979 2339 VIII,
1007 2291 1080 2330 243
1103 2292 1219 2342 Βορέῃ
1245 2293 1336 2339 κελ,
1357 2293 1438 2340 jam
1456 2298 1569 2330 antea
1589 2304 1611 2329 a
1630 2292 1943 2340 Cynegeticorum
1961 2291 2078 2339 scrip-

188 2356 273 2389 tore
300 2352 330 2398 I,
358 2351 446 2389 106:
473 2348 684 2395 κελάδοντος
710 2350 833 2401 ἀήτου.

363 2420 399 2457 6.
426 2419 748 2464 Πολύκλυοτος
774 2423 822 2458 ab
858 2422 1028 2458 Homero
1064 2422 1138 2457 nisi
1163 2421 1249 2457 voci
1279 2418 1408 2463 πόντος
1436 2432 1510 2457 non
1538 2421 1728 2467 jungiturz
1766 2417 2002 2467 πολυκλύστῳ
2026 2417 2079 2456 ἐν)

190 2476 306 2527 πόντῳ
331 2478 370 2522 δ,
398 2479 490 2528 3543
525 2481 559 2527 ζ,
584 2479 675 2529 204,
706 2494 743 2526 τ,
771 2479 856 2526 277,
886 2480 950 2516 ubi
980 2480 1307 2527 interpretandum
1336 2484 1411 2518 ost:
1438 2479 1549 2516 valde
1576 2478 1744 2515 adluens.
1796 2480 1849 2516 At
1874 2479 1948 2526 jam
1972 2478 2075 2526 apud

190 2538 400 2576 Hesiodum
425 2540 616 2587 passivam
641 2539 957 2587 significationem
982 2538 1123 2583 induit,
1139 2551 1261 2586 >quum
1286 2540 1335 2575 de
1351 2539 1481 2586 prro
1495 2538 1617 2578 insula
1642 2539 1794 2585 ponitur
1820 2537 1964 2584 Theog.
1988 2537 2077 2585 199,

189 2596 320 2634 itidem
350 2598 453 2646 apud
483 2595 745 2647 Apollonium,
778 2596 841 2646 qui
873 2594 995 2635 valles
1021 2597 1142 2635 Ossae
1169 2602 1208 2634 et
1234 2596 1383 2646 Olympi
1415 2597 1486 2634 hoe
1519 2596 1687 2644 epitheto
1718 2596 1891 2646 appellat
1927 2596 1956 2644 I,
1982 2595 2075 2647 59⁷5

192 2657 291 2706 apud
317 2657 493 2702 Quintum
518 2658 586 2706 IV,
611 2657 685 2694 370
712 2653 784 2695 ἀπὸ
813 2655 969 2706 Σκύροιο
995 2653 1262 2699 κολακλύοτοιο.

1884 2731 1902 2757 ⁵
