<?xml version="1.0" encoding="UTF-8"?>
<!DOCTYPE html PUBLIC "-//W3C//DTD XHTML 1.0 Transitional//EN"
    "http://www.w3.org/TR/xhtml1/DTD/xhtml1-transitional.dtd">
<html xmlns="http://www.w3.org/1999/xhtml" xml:lang="en" lang="en">
 <head>
  <title>
</title>
<meta http-equiv="Content-Type" content="text/html;charset=utf-8" />
  <meta name='ocr-system' content='tesseract 3.04.00' />
  <meta name='ocr-capabilities' content='ocr_page ocr_carea ocr_par ocr_line ocrx_word'/>
</head>
<body>
  <div class='ocr_page' id='page_1' title='image "./4773766_0014.png"; bbox 0 0 2410 2929; ppageno 0'>
   <div class='ocr_carea' id='block_1_1' title="bbox 1224 126 1248 164">
    <p class='ocr_par' dir='ltr' id='par_1_1' title="bbox 1224 126 1248 164">
     <span class='ocr_line' id='line_1_1' title="bbox 1224 126 1248 164; baseline 0 0"><span class='ocrx_word' id='word_1_1' title='bbox 1224 126 1248 164; x_wconf 81' lang='lat'>6</span> 
     </span>
    </p>
   </div>
   <div class='ocr_carea' id='block_1_2' title="bbox 1117 179 1352 185">
    <p class='ocr_par' dir='ltr' id='par_1_2' title="bbox 1117 179 1352 185">
     <span class='ocr_line' id='line_1_2' title="bbox 1117 179 1352 185; baseline 0 0"><span class='ocrx_word' id='word_1_2' title='bbox 1117 179 1352 185; x_wconf 95' lang='lat' dir='ltr'><strong> </strong></span> 
     </span>
    </p>
   </div>
   <div class='ocr_carea' id='block_1_3' title="bbox 278 239 2189 354">
    <p class='ocr_par' dir='ltr' id='par_1_3' title="bbox 278 239 2189 354">
     <span class='ocr_line' id='line_1_3' title="bbox 304 239 2186 295; baseline 0.002 -15"><span class='ocrx_word' id='word_1_3' title='bbox 304 279 307 281; x_wconf 86' lang='grc'><em>,</em></span> <span class='ocrx_word' id='word_1_4' title='bbox 462 244 497 281; x_wconf 87' lang='grc'><strong>6.</strong></span> <span class='ocrx_word' id='word_1_5' title='bbox 533 239 735 295; x_wconf 77' lang='grc' dir='ltr'><strong><em>Τλήμων,</em></strong></span> <span class='ocrx_word' id='word_1_6' title='bbox 776 244 841 292; x_wconf 89' lang='lat' dir='ltr'><strong>qui</strong></span> <span class='ocrx_word' id='word_1_7' title='bbox 872 244 990 283; x_wconf 83' lang='lat' dir='ltr'><strong>multa</strong></span> <span class='ocrx_word' id='word_1_8' title='bbox 1018 245 1135 284; x_wconf 85' lang='lat' dir='ltr'><strong>audet</strong></span> <span class='ocrx_word' id='word_1_9' title='bbox 1165 249 1205 283; x_wconf 89' lang='lat' dir='ltr'><strong>et</strong></span> <span class='ocrx_word' id='word_1_10' title='bbox 1231 245 1351 293; x_wconf 81' lang='lat' dir='ltr'><strong>subit,</strong></span> <span class='ocrx_word' id='word_1_11' title='bbox 1390 248 1564 294; x_wconf 85' lang='lat' dir='ltr'><strong>quartum</strong></span> <span class='ocrx_word' id='word_1_12' title='bbox 1587 244 1714 283; x_wconf 86' lang='lat' dir='ltr'><strong>Ulixis</strong></span> <span class='ocrx_word' id='word_1_13' title='bbox 1746 244 1944 294; x_wconf 74' lang='lat' dir='ltr'><strong>epitheton</strong></span> <span class='ocrx_word' id='word_1_14' title='bbox 1982 244 2084 293; x_wconf 83' lang='lat' dir='ltr'><strong>apud</strong></span> <span class='ocrx_word' id='word_1_15' title='bbox 2109 244 2186 283; x_wconf 86' lang='lat' dir='ltr'><strong>Ho-</strong></span> 
     </span>
     <span class='ocr_line' id='line_1_4' title="bbox 278 298 2189 354; baseline -0.001 -11"><span class='ocrx_word' id='word_1_16' title='bbox 278 311 440 343; x_wconf 80' lang='lat' dir='ltr'><strong>merum.</strong></span> <span class='ocrx_word' id='word_1_17' title='bbox 490 303 536 340; x_wconf 88' lang='lat'><strong>11.</strong></span> <span class='ocrx_word' id='word_1_18' title='bbox 563 316 604 349; x_wconf 77' lang='grc' dir='ltr'><strong>κ,</strong></span> <span class='ocrx_word' id='word_1_19' title='bbox 638 302 710 340; x_wconf 80' lang='grc'><strong>231</strong></span> <span class='ocrx_word' id='word_1_20' title='bbox 744 304 883 341; x_wconf 88' lang='lat' dir='ltr'><strong>dicitur</strong></span> <span class='ocrx_word' id='word_1_21' title='bbox 918 301 1026 354; x_wconf 68' lang='grc' dir='ltr'><strong><em>ἤθελε</em></strong></span> <span class='ocrx_word' id='word_1_22' title='bbox 1058 301 1114 343; x_wconf 74' lang='grc' dir='ltr'><strong><em>δ’ὁ</em></strong></span> <span class='ocrx_word' id='word_1_23' title='bbox 1145 303 1288 353; x_wconf 74' lang='grc' dir='ltr'><strong><em>τλήμων</em></strong></span> <span class='ocrx_word' id='word_1_24' title='bbox 1313 299 1512 348; x_wconf 70' lang='grc' dir='ltr'><strong><em>Ὀδυσσεὺς</em></strong></span> <span class='ocrx_word' id='word_1_25' title='bbox 1548 303 1747 341; x_wconf 66' lang='grc' dir='ltr'><strong><em>καταδῦναι</em></strong></span> <span class='ocrx_word' id='word_1_26' title='bbox 1782 298 1907 352; x_wconf 71' lang='grc' dir='ltr'><strong><em>ὅμιλον</em></strong></span> <span class='ocrx_word' id='word_1_27' title='bbox 1934 300 2082 353; x_wconf 72' lang='grc' dir='ltr'><strong><em>Τρώων,</em></strong></span> <span class='ocrx_word' id='word_1_28' title='bbox 2124 304 2189 341; x_wconf 91' lang='lat' dir='ltr'><strong>ubi</strong></span> 
     </span>
    </p>
   </div>
   <div class='ocr_carea' id='block_1_4' title="bbox 288 358 2263 412">
    <p class='ocr_par' dir='ltr' id='par_1_4' title="bbox 288 358 2263 412">
     <span class='ocr_line' id='line_1_5' title="bbox 288 358 2263 412; baseline 0 -12"><span class='ocrx_word' id='word_1_29' title='bbox 288 362 420 401; x_wconf 70' lang='lat' dir='ltr'><strong>addita</strong></span> <span class='ocrx_word' id='word_1_30' title='bbox 456 365 517 399; x_wconf 79' lang='lat' dir='ltr'><strong>est</strong></span> <span class='ocrx_word' id='word_1_31' title='bbox 555 361 762 410; x_wconf 69' lang='lat' dir='ltr'><strong>explicatio</strong></span> <span class='ocrx_word' id='word_1_32' title='bbox 804 375 840 398; x_wconf 77' lang='lat' dir='ltr'><strong>v·</strong></span> <span class='ocrx_word' id='word_1_33' title='bbox 875 362 949 400; x_wconf 82' lang='grc'><strong>232</strong></span> <span class='ocrx_word' id='word_1_34' title='bbox 987 360 1058 402; x_wconf 74' lang='grc' dir='ltr'><strong><em>αἰεὶ</em></strong></span> <span class='ocrx_word' id='word_1_35' title='bbox 1092 360 1159 412; x_wconf 83' lang='grc' dir='ltr'><strong>γάρ</strong></span> <span class='ocrx_word' id='word_1_36' title='bbox 1194 362 1233 401; x_wconf 83' lang='grc' dir='ltr'><strong>οἱ</strong></span> <span class='ocrx_word' id='word_1_37' title='bbox 1269 363 1318 402; x_wconf 73' lang='grc' dir='ltr'><strong>ἐνὶ</strong></span> <span class='ocrx_word' id='word_1_38' title='bbox 1342 358 1450 412; x_wconf 62' lang='grc' dir='ltr'><strong><em>’φρεσὶ</em></strong></span> <span class='ocrx_word' id='word_1_39' title='bbox 1483 359 1602 412; x_wconf 78' lang='grc' dir='ltr'><strong><em>θυμὸς</em></strong></span> <span class='ocrx_word' id='word_1_40' title='bbox 1626 359 1778 411; x_wconf 72' lang='grc' dir='ltr'><strong><em>ἐτόλμα;</em></strong></span> <span class='ocrx_word' id='word_1_41' title='bbox 1816 368 1894 400; x_wconf 84' lang='grc'><strong>111111</strong></span> <span class='ocrx_word' id='word_1_42' title='bbox 1923 363 2016 400; x_wconf 88' lang='lat' dir='ltr'><strong>ibid.</strong></span> <span class='ocrx_word' id='word_1_43' title='bbox 2040 362 2115 401; x_wconf 81' lang='lat'><strong>498</strong></span> <span class='ocrx_word' id='word_1_44' title='bbox 2149 367 2187 400; x_wconf 79' lang='lat' dir='ltr'><strong>et</strong></span> <span class='ocrx_word' id='word_1_45' title='bbox 2261 376 2263 378; x_wconf 73' lang='grc'>’</span> 
     </span>
    </p>
   </div>
   <div class='ocr_carea' id='block_1_5' title="bbox 286 421 2194 1374">
    <p class='ocr_par' dir='ltr' id='par_1_5' title="bbox 286 421 2191 827">
     <span class='ocr_line' id='line_1_6' title="bbox 287 421 2191 472; baseline 0 -13"><span class='ocrx_word' id='word_1_46' title='bbox 287 436 317 469; x_wconf 77' lang='grc' dir='ltr'><strong><em>ι,</em></strong></span> <span class='ocrx_word' id='word_1_47' title='bbox 341 421 430 460; x_wconf 87' lang='grc'><strong>670.</strong></span> <span class='ocrx_word' id='word_1_48' title='bbox 480 421 640 466; x_wconf 83' lang='lat' dir='ltr'><strong>Quintus</strong></span> <span class='ocrx_word' id='word_1_49' title='bbox 664 432 856 469; x_wconf 84' lang='lat' dir='ltr'><strong>nunquam</strong></span> <span class='ocrx_word' id='word_1_50' title='bbox 881 423 953 460; x_wconf 86' lang='lat' dir='ltr'><strong>hoc</strong></span> <span class='ocrx_word' id='word_1_51' title='bbox 980 424 1177 472; x_wconf 76' lang='lat' dir='ltr'><strong>epitheton</strong></span> <span class='ocrx_word' id='word_1_52' title='bbox 1194 423 1298 461; x_wconf 78' lang='lat' dir='ltr'><strong>Ulixi</strong></span> <span class='ocrx_word' id='word_1_53' title='bbox 1314 422 1465 467; x_wconf 83' lang='lat' dir='ltr'><strong>addidit</strong></span> <span class='ocrx_word' id='word_1_54' title='bbox 1488 426 1530 460; x_wconf 92' lang='lat' dir='ltr'><strong>et</strong></span> <span class='ocrx_word' id='word_1_55' title='bbox 1554 434 1631 460; x_wconf 90' lang='lat' dir='ltr'><strong>non</strong></span> <span class='ocrx_word' id='word_1_56' title='bbox 1656 422 1741 470; x_wconf 78' lang='lat' dir='ltr'><strong>plus</strong></span> <span class='ocrx_word' id='word_1_57' title='bbox 1767 422 1884 460; x_wconf 87' lang='lat' dir='ltr'><strong>semel</strong></span> <span class='ocrx_word' id='word_1_58' title='bbox 1902 422 2043 460; x_wconf 89' lang='lat' dir='ltr'><strong>homini</strong></span> <span class='ocrx_word' id='word_1_59' title='bbox 2066 422 2098 468; x_wconf 83' lang='lat'><strong>1,</strong></span> <span class='ocrx_word' id='word_1_60' title='bbox 2116 421 2191 462; x_wconf 72' lang='lat'><strong>174</strong></span> 
     </span>
     <span class='ocr_line' id='line_1_7' title="bbox 286 477 2188 532; baseline -0.001 -12"><span class='ocrx_word' id='word_1_61' title='bbox 286 477 437 531; x_wconf 58' lang='lat' dir='ltr'><strong>‘iaham</strong></span> <span class='ocrx_word' id='word_1_62' title='bbox 460 478 575 531; x_wconf 70' lang='grc' dir='ltr'><strong><em>κούρη</em></strong></span> <span class='ocrx_word' id='word_1_63' title='bbox 599 480 622 517; x_wconf 86' lang='grc'><strong>1.</strong></span> <span class='ocrx_word' id='word_1_64' title='bbox 651 492 685 518; x_wconf 90' lang='grc'><strong>8.</strong></span> <span class='ocrx_word' id='word_1_65' title='bbox 712 480 1000 532; x_wconf 86' lang='lat' dir='ltr'><strong>Penthesileae;</strong></span> <span class='ocrx_word' id='word_1_66' title='bbox 1032 483 1092 521; x_wconf 88' lang='lat' dir='ltr'><strong>bis</strong></span> <span class='ocrx_word' id='word_1_67' title='bbox 1117 488 1241 521; x_wconf 84' lang='lat' dir='ltr'><strong>autem</strong></span> <span class='ocrx_word' id='word_1_68' title='bbox 1258 482 1515 520; x_wconf 65' lang='lat' dir='ltr'><strong>attributionis</strong></span> <span class='ocrx_word' id='word_1_69' title='bbox 1531 482 1762 521; x_wconf 70' lang='lat' dir='ltr'><strong>nominibusz</strong></span> <span class='ocrx_word' id='word_1_70' title='bbox 1796 481 1905 528; x_wconf 84' lang='lat' dir='ltr'><strong>VIII,</strong></span> <span class='ocrx_word' id='word_1_71' title='bbox 1932 481 2005 519; x_wconf 79' lang='lat'><strong>399</strong></span> <span class='ocrx_word' id='word_1_72' title='bbox 2030 479 2188 530; x_wconf 83' lang='grc' dir='ltr'><strong><em>τλήμονα</em></strong></span> 
     </span>
     <span class='ocr_line' id='line_1_8' title="bbox 287 531 2187 591; baseline 0 -13"><span class='ocrx_word' id='word_1_73' title='bbox 287 541 424 590; x_wconf 75' lang='grc' dir='ltr'><strong><em>Φοῖβος</em></strong></span> <span class='ocrx_word' id='word_1_74' title='bbox 436 531 504 590; x_wconf 77' lang='grc' dir='ltr'><strong><em>ἦκι</em></strong></span> <span class='ocrx_word' id='word_1_75' title='bbox 517 542 595 589; x_wconf 77' lang='grc' dir='ltr'><strong><em>βίην</em></strong></span> <span class='ocrx_word' id='word_1_76' title='bbox 621 543 661 577; x_wconf 84' lang='grc'><strong>81</strong></span> <span class='ocrx_word' id='word_1_77' title='bbox 676 539 783 587; x_wconf 84' lang='lat' dir='ltr'><strong>XIV,</strong></span> <span class='ocrx_word' id='word_1_78' title='bbox 804 541 890 589; x_wconf 84' lang='lat'><strong>393,</strong></span> <span class='ocrx_word' id='word_1_79' title='bbox 916 543 982 579; x_wconf 90' lang='lat' dir='ltr'><strong>ubi</strong></span> <span class='ocrx_word' id='word_1_80' title='bbox 999 542 1047 580; x_wconf 91' lang='lat' dir='ltr'><strong>de</strong></span> <span class='ocrx_word' id='word_1_81' title='bbox 1064 544 1243 591; x_wconf 86' lang='lat' dir='ltr'><strong>Trojanis</strong></span> <span class='ocrx_word' id='word_1_82' title='bbox 1260 543 1315 578; x_wconf 88' lang='lat' dir='ltr'><strong>ait</strong></span> <span class='ocrx_word' id='word_1_83' title='bbox 1331 545 1462 589; x_wconf 84' lang='lat' dir='ltr'><strong>poeta:</strong></span> <span class='ocrx_word' id='word_1_84' title='bbox 1488 540 1656 588; x_wconf 81' lang='grc' dir='ltr'><strong><em>δίρκοντο</em></strong></span> <span class='ocrx_word' id='word_1_85' title='bbox 1672 540 1712 577; x_wconf 69' lang='grc' dir='ltr'><strong><em>δὲ</em></strong></span> <span class='ocrx_word' id='word_1_86' title='bbox 1728 539 1889 589; x_wconf 77' lang='grc' dir='ltr'><strong><em>τλήμονα</em></strong></span> <span class='ocrx_word' id='word_1_87' title='bbox 1905 537 2041 589; x_wconf 67' lang='grc' dir='ltr'><strong><em>πάτρην</em></strong></span> <span class='ocrx_word' id='word_1_88' title='bbox 2060 540 2065 589; x_wconf 83' lang='grc' dir='ltr'>Ι</span> <span class='ocrx_word' id='word_1_89' title='bbox 2083 537 2187 578; x_wconf 73' lang='grc' dir='ltr'><strong><em>αἰθο-</em></strong></span> 
     </span>
     <span class='ocr_line' id='line_1_9' title="bbox 286 596 2189 650; baseline 0 -12"><span class='ocrx_word' id='word_1_90' title='bbox 286 601 389 650; x_wconf 61' lang='grc' dir='ltr'><strong><em>μένην</em></strong></span> <span class='ocrx_word' id='word_1_91' title='bbox 414 599 466 638; x_wconf 70' lang='grc' dir='ltr'><strong>ὅτι</strong></span> <span class='ocrx_word' id='word_1_92' title='bbox 488 596 619 648; x_wconf 62' lang='grc' dir='ltr'><strong><em>πάγχυ,</em></strong></span> <span class='ocrx_word' id='word_1_93' title='bbox 646 610 723 647; x_wconf 88' lang='lat' dir='ltr'><strong>quo</strong></span> <span class='ocrx_word' id='word_1_94' title='bbox 748 598 836 638; x_wconf 90' lang='lat' dir='ltr'><strong>loco</strong></span> <span class='ocrx_word' id='word_1_95' title='bbox 862 601 1032 640; x_wconf 84' lang='lat' dir='ltr'><strong>notanda</strong></span> <span class='ocrx_word' id='word_1_96' title='bbox 1058 606 1119 641; x_wconf 91' lang='lat' dir='ltr'><strong>est</strong></span> <span class='ocrx_word' id='word_1_97' title='bbox 1145 602 1300 640; x_wconf 75' lang='lat' dir='ltr'><strong>diversa</strong></span> <span class='ocrx_word' id='word_1_98' title='bbox 1324 601 1373 639; x_wconf 87' lang='lat' dir='ltr'><strong>ab</strong></span> <span class='ocrx_word' id='word_1_99' title='bbox 1399 600 1567 639; x_wconf 76' lang='lat' dir='ltr'><strong>Homero</strong></span> <span class='ocrx_word' id='word_1_100' title='bbox 1599 600 1704 639; x_wconf 83' lang='lat' dir='ltr'><strong>vocis</strong></span> <span class='ocrx_word' id='word_1_101' title='bbox 1731 599 1978 649; x_wconf 81' lang='lat' dir='ltr'><strong>significatio;</strong></span> <span class='ocrx_word' id='word_1_102' title='bbox 2004 604 2064 639; x_wconf 88' lang='lat' dir='ltr'><strong>est</strong></span> <span class='ocrx_word' id='word_1_103' title='bbox 2089 600 2189 638; x_wconf 92' lang='lat' dir='ltr'><strong>enim</strong></span> 
     </span>
     <span class='ocr_line' id='line_1_10' title="bbox 287 656 2190 710; baseline -0.002 -12"><span class='ocrx_word' id='word_1_104' title='bbox 287 660 526 699; x_wconf 83' lang='lat' dir='ltr'><strong>reddendum</strong></span> <span class='ocrx_word' id='word_1_105' title='bbox 541 656 685 709; x_wconf 71' lang='grc' dir='ltr'><strong><em>τλήμων</em></strong></span> <span class='ocrx_word' id='word_1_106' title='bbox 701 661 849 706; x_wconf 86' lang='lat' dir='ltr'><strong>miser,</strong></span> <span class='ocrx_word' id='word_1_107' title='bbox 878 667 919 698; x_wconf 91' lang='lat' dir='ltr'><strong>ut</strong></span> <span class='ocrx_word' id='word_1_108' title='bbox 935 674 1053 710; x_wconf 87' lang='lat' dir='ltr'><strong>saepe</strong></span> <span class='ocrx_word' id='word_1_109' title='bbox 1073 663 1175 710; x_wconf 86' lang='lat' dir='ltr'><strong>apud</strong></span> <span class='ocrx_word' id='word_1_110' title='bbox 1191 661 1475 709; x_wconf 85' lang='lat' dir='ltr'><strong>tragoediarum</strong></span> <span class='ocrx_word' id='word_1_111' title='bbox 1492 662 1713 709; x_wconf 87' lang='lat' dir='ltr'><strong>scriptores,</strong></span> <span class='ocrx_word' id='word_1_112' title='bbox 1740 660 1789 696; x_wconf 86' lang='lat' dir='ltr'><strong>cf.</strong></span> <span class='ocrx_word' id='word_1_113' title='bbox 1801 660 1980 707; x_wconf 86' lang='lat' dir='ltr'><strong>Aeschyl.</strong></span> <span class='ocrx_word' id='word_1_114' title='bbox 1997 659 2190 696; x_wconf 83' lang='lat' dir='ltr'><strong>Prometh.</strong></span> 
     </span>
     <span class='ocr_line' id='line_1_11' title="bbox 288 714 2188 770; baseline -0.001 -14"><span class='ocrx_word' id='word_1_115' title='bbox 288 716 514 768; x_wconf 67' lang='grc' dir='ltr'><strong><em>615τλήμον</em></strong></span> <span class='ocrx_word' id='word_1_116' title='bbox 527 719 743 769; x_wconf 71' lang='grc' dir='ltr'><strong><em>Προμηθεῦ,</em></strong></span> <span class='ocrx_word' id='word_1_117' title='bbox 770 722 907 768; x_wconf 73' lang='lat' dir='ltr'><strong>Agam.</strong></span> <span class='ocrx_word' id='word_1_118' title='bbox 927 720 1020 757; x_wconf 82' lang='lat'>1261</span> <span class='ocrx_word' id='word_1_119' title='bbox 1039 719 1117 759; x_wconf 73' lang='grc' dir='ltr'><strong><em>ἴσθι</em></strong></span> <span class='ocrx_word' id='word_1_120' title='bbox 1133 717 1277 770; x_wconf 73' lang='grc' dir='ltr'><strong><em>τλήμων</em></strong></span> <span class='ocrx_word' id='word_1_121' title='bbox 1295 714 1371 758; x_wconf 73' lang='grc' dir='ltr'><strong><em>οὖσ’</em></strong></span> <span class='ocrx_word' id='word_1_122' title='bbox 1388 716 1449 757; x_wconf 66' lang='grc' dir='ltr'><strong>ἀπ’</strong></span> <span class='ocrx_word' id='word_1_123' title='bbox 1466 716 1643 768; x_wconf 69' lang='grc' dir='ltr'><strong><em>εὐτόλμου</em></strong></span> <span class='ocrx_word' id='word_1_124' title='bbox 1661 715 1796 767; x_wconf 75' lang='grc' dir='ltr'><strong><em>φρενός.</em></strong></span> <span class='ocrx_word' id='word_1_125' title='bbox 1846 719 1936 756; x_wconf 79' lang='lat' dir='ltr'><strong>Eur.</strong></span> <span class='ocrx_word' id='word_1_126' title='bbox 1957 718 2074 766; x_wconf 88' lang='lat' dir='ltr'><strong>Hipp.</strong></span> <span class='ocrx_word' id='word_1_127' title='bbox 2093 717 2188 754; x_wconf 95' lang='grc'><strong>1177</strong></span> 
     </span>
     <span class='ocr_line' id='line_1_12' title="bbox 287 775 1706 827; baseline 0 -12"><span class='ocrx_word' id='word_1_128' title='bbox 287 775 457 827; x_wconf 71' lang='grc' dir='ltr'><strong><em>τλήμονος</em></strong></span> <span class='ocrx_word' id='word_1_129' title='bbox 483 780 604 826; x_wconf 79' lang='grc' dir='ltr'><strong><em>φυγαί.</em></strong></span> <span class='ocrx_word' id='word_1_130' title='bbox 643 778 761 816; x_wconf 82' lang='lat' dir='ltr'><strong>Herc.</strong></span> <span class='ocrx_word' id='word_1_131' title='bbox 787 779 858 815; x_wconf 86' lang='lat' dir='ltr'><strong>fur.</strong></span> <span class='ocrx_word' id='word_1_132' title='bbox 885 779 955 815; x_wconf 92' lang='grc'><strong>921</strong></span> <span class='ocrx_word' id='word_1_133' title='bbox 982 778 1153 827; x_wconf 78' lang='grc' dir='ltr'><strong><em>τλήμονες</em></strong></span> <span class='ocrx_word' id='word_1_134' title='bbox 1176 779 1313 816; x_wconf 76' lang='grc' dir='ltr'><strong><em>παίδων</em></strong></span> <span class='ocrx_word' id='word_1_135' title='bbox 1339 776 1458 827; x_wconf 57' lang='grc' dir='ltr'><strong><em>τύχας</em></strong></span> <span class='ocrx_word' id='word_1_136' title='bbox 1485 779 1571 816; x_wconf 81' lang='lat' dir='ltr'><strong>aliis</strong></span> <span class='ocrx_word' id='word_1_137' title='bbox 1596 779 1706 816; x_wconf 86' lang='lat' dir='ltr'><strong>locis.</strong></span> 
     </span>
    </p>

    <p class='ocr_par' dir='ltr' id='par_1_6' title="bbox 288 844 2194 1374">
     <span class='ocr_line' id='line_1_13' title="bbox 467 844 2191 896; baseline -0.001 -13"><span class='ocrx_word' id='word_1_138' title='bbox 467 847 502 883; x_wconf 92' lang='grc'><strong>7.</strong></span> <span class='ocrx_word' id='word_1_139' title='bbox 529 844 776 896; x_wconf 86' lang='grc' dir='ltr'><strong><em>Δολόμητις.</em></strong></span> <span class='ocrx_word' id='word_1_140' title='bbox 829 847 991 885; x_wconf 87' lang='lat' dir='ltr'><strong>Praeter</strong></span> <span class='ocrx_word' id='word_1_141' title='bbox 1007 844 1199 896; x_wconf 83' lang='grc' dir='ltr'><strong><em>δολόμητις</em></strong></span> <span class='ocrx_word' id='word_1_142' title='bbox 1215 848 1330 884; x_wconf 83' lang='lat' dir='ltr'><strong>etiam</strong></span> <span class='ocrx_word' id='word_1_143' title='bbox 1345 848 1511 884; x_wconf 84' lang='lat' dir='ltr'><strong>vocativi</strong></span> <span class='ocrx_word' id='word_1_144' title='bbox 1527 849 1650 885; x_wconf 84' lang='lat' dir='ltr'><strong>forma</strong></span> <span class='ocrx_word' id='word_1_145' title='bbox 1663 847 1850 896; x_wconf 80' lang='grc' dir='ltr'><strong><em>δολομῆτα</em></strong></span> <span class='ocrx_word' id='word_1_146' title='bbox 1868 847 1970 894; x_wconf 83' lang='lat' dir='ltr'><strong>apud</strong></span> <span class='ocrx_word' id='word_1_147' title='bbox 1984 847 2191 882; x_wconf 81' lang='lat' dir='ltr'><strong>Homerum</strong></span> 
     </span>
     <span class='ocr_line' id='line_1_14' title="bbox 288 903 2191 955; baseline 0.001 -14"><span class='ocrx_word' id='word_1_148' title='bbox 288 906 441 953; x_wconf 88' lang='lat' dir='ltr'><strong>legitur.</strong></span> <span class='ocrx_word' id='word_1_149' title='bbox 493 903 689 955; x_wconf 82' lang='grc' dir='ltr'><strong><em>Δολόμητις</em></strong></span> <span class='ocrx_word' id='word_1_150' title='bbox 720 910 846 943; x_wconf 86' lang='lat' dir='ltr'><strong>autem</strong></span> <span class='ocrx_word' id='word_1_151' title='bbox 872 906 1044 954; x_wconf 82' lang='lat' dir='ltr'>inprimis</span> <span class='ocrx_word' id='word_1_152' title='bbox 1070 905 1278 954; x_wconf 78' lang='lat' dir='ltr'><strong>Aegisthus</strong></span> <span class='ocrx_word' id='word_1_153' title='bbox 1304 906 1580 955; x_wconf 75' lang='lat' dir='ltr'><strong>Agamemnoni</strong></span> <span class='ocrx_word' id='word_1_154' title='bbox 1612 905 1811 944; x_wconf 73' lang='lat' dir='ltr'><strong>insidiatus</strong></span> <span class='ocrx_word' id='word_1_155' title='bbox 1849 905 1987 944; x_wconf 85' lang='lat' dir='ltr'><strong>dicitur</strong></span> <span class='ocrx_word' id='word_1_156' title='bbox 2019 919 2060 952; x_wconf 84' lang='grc' dir='ltr'><strong><em>α,</em></strong></span> <span class='ocrx_word' id='word_1_157' title='bbox 2099 903 2191 953; x_wconf 76' lang='grc' dir='ltr'><strong>30ος</strong></span> 
     </span>
     <span class='ocr_line' id='line_1_15' title="bbox 290 964 2190 1014; baseline -0.001 -11"><span class='ocrx_word' id='word_1_158' title='bbox 290 980 322 1014; x_wconf 82' lang='grc' dir='ltr'><strong>γ,</strong></span> <span class='ocrx_word' id='word_1_159' title='bbox 352 965 432 1012; x_wconf 84' lang='grc'><strong>198,</strong></span> <span class='ocrx_word' id='word_1_160' title='bbox 458 965 550 1014; x_wconf 82' lang='grc'><strong>250;</strong></span> <span class='ocrx_word' id='word_1_161' title='bbox 577 966 610 1011; x_wconf 84' lang='grc' dir='ltr'><strong><em>δ,</em></strong></span> <span class='ocrx_word' id='word_1_162' title='bbox 635 964 726 1013; x_wconf 79' lang='grc'><strong>525;</strong></span> <span class='ocrx_word' id='word_1_163' title='bbox 761 966 880 1002; x_wconf 86' lang='grc'><strong>8811181</strong></span> <span class='ocrx_word' id='word_1_164' title='bbox 904 966 1008 1002; x_wconf 88' lang='lat' dir='ltr'><strong>Juno</strong></span> <span class='ocrx_word' id='word_1_165' title='bbox 1032 966 1171 1002; x_wconf 84' lang='lat' dir='ltr'><strong>Jovem</strong></span> <span class='ocrx_word' id='word_1_166' title='bbox 1206 966 1395 1013; x_wconf 74' lang='lat' dir='ltr'><strong>increpat:</strong></span> <span class='ocrx_word' id='word_1_167' title='bbox 1428 966 1612 1014; x_wconf 82' lang='grc' dir='ltr'><strong><em>δολομῆτα</em></strong></span> <span class='ocrx_word' id='word_1_168' title='bbox 1637 967 1683 1013; x_wconf 89' lang='lat' dir='ltr'><strong>A,</strong></span> <span class='ocrx_word' id='word_1_169' title='bbox 1718 965 1808 1014; x_wconf 82' lang='lat'>540;</span> <span class='ocrx_word' id='word_1_170' title='bbox 1848 966 2011 1013; x_wconf 89' lang='lat' dir='ltr'><strong>denique</strong></span> <span class='ocrx_word' id='word_1_171' title='bbox 2037 965 2190 1002; x_wconf 77' lang='grc' dir='ltr'><strong><em>Κλυται·</em></strong></span> 
     </span>
     <span class='ocr_line' id='line_1_16' title="bbox 289 1021 2193 1074; baseline -0.002 -12"><span class='ocrx_word' id='word_1_172' title='bbox 289 1022 446 1074; x_wconf 81' lang='grc' dir='ltr'><strong><em>μνήστρη</em></strong></span> <span class='ocrx_word' id='word_1_173' title='bbox 472 1021 662 1073; x_wconf 68' lang='grc' dir='ltr'><strong><em>δολόμητις</em></strong></span> <span class='ocrx_word' id='word_1_174' title='bbox 686 1025 719 1069; x_wconf 83' lang='grc' dir='ltr'><strong><em>λ,</em></strong></span> <span class='ocrx_word' id='word_1_175' title='bbox 745 1023 831 1060; x_wconf 83' lang='grc'><strong>422.</strong></span> <span class='ocrx_word' id='word_1_176' title='bbox 884 1024 1026 1061; x_wconf 90' lang='lat' dir='ltr'><strong>Similis</strong></span> <span class='ocrx_word' id='word_1_177' title='bbox 1060 1036 1149 1060; x_wconf 91' lang='lat' dir='ltr'><strong>usus</strong></span> <span class='ocrx_word' id='word_1_178' title='bbox 1189 1029 1386 1072; x_wconf 84' lang='lat' dir='ltr'><strong>comparet</strong></span> <span class='ocrx_word' id='word_1_179' title='bbox 1416 1025 1456 1060; x_wconf 92' lang='lat' dir='ltr'><strong>in</strong></span> <span class='ocrx_word' id='word_1_180' title='bbox 1488 1025 1611 1073; x_wconf 88' lang='lat' dir='ltr'><strong>hymn.</strong></span> <span class='ocrx_word' id='word_1_181' title='bbox 1640 1025 1753 1061; x_wconf 90' lang='lat' dir='ltr'><strong>Hom.</strong></span> <span class='ocrx_word' id='word_1_182' title='bbox 1791 1026 1829 1062; x_wconf 92' lang='lat' dir='ltr'><strong>in</strong></span> <span class='ocrx_word' id='word_1_183' title='bbox 1858 1025 1974 1062; x_wconf 82' lang='lat' dir='ltr'><strong>Mero.</strong></span> <span class='ocrx_word' id='word_1_184' title='bbox 2004 1024 2090 1071; x_wconf 75' lang='lat'><strong>405,</strong></span> <span class='ocrx_word' id='word_1_185' title='bbox 2127 1022 2193 1060; x_wconf 88' lang='lat' dir='ltr'><strong>ubi</strong></span> 
     </span>
     <span class='ocr_line' id='line_1_17' title="bbox 289 1083 2192 1133; baseline -0.002 -10"><span class='ocrx_word' id='word_1_186' title='bbox 289 1083 516 1132; x_wconf 72' lang='lat' dir='ltr'><strong>Mercurius,</strong></span> <span class='ocrx_word' id='word_1_187' title='bbox 544 1084 647 1133; x_wconf 89' lang='lat' dir='ltr'><strong>apud</strong></span> <span class='ocrx_word' id='word_1_188' title='bbox 669 1083 885 1131; x_wconf 88' lang='lat' dir='ltr'><strong>Coluthum,</strong></span> <span class='ocrx_word' id='word_1_189' title='bbox 914 1096 937 1121; x_wconf 83' lang='lat' dir='ltr'><strong>a</strong></span> <span class='ocrx_word' id='word_1_190' title='bbox 976 1096 1050 1133; x_wconf 88' lang='lat' dir='ltr'><strong>quo</strong></span> <span class='ocrx_word' id='word_1_191' title='bbox 1078 1083 1215 1132; x_wconf 84' lang='lat' dir='ltr'><strong>Cypris</strong></span> <span class='ocrx_word' id='word_1_192' title='bbox 1243 1097 1278 1121; x_wconf 85' lang='lat' dir='ltr'><strong>v.</strong></span> <span class='ocrx_word' id='word_1_193' title='bbox 1302 1084 1362 1131; x_wconf 90' lang='lat'><strong>81,</strong></span> <span class='ocrx_word' id='word_1_194' title='bbox 1403 1085 1504 1133; x_wconf 86' lang='lat' dir='ltr'><strong>apud</strong></span> <span class='ocrx_word' id='word_1_195' title='bbox 1526 1085 1849 1133; x_wconf 76' lang='lat' dir='ltr'><strong>Tryphiodorm,</strong></span> <span class='ocrx_word' id='word_1_196' title='bbox 1877 1097 1900 1121; x_wconf 85' lang='lat' dir='ltr'><strong>a</strong></span> <span class='ocrx_word' id='word_1_197' title='bbox 1941 1097 2014 1133; x_wconf 94' lang='lat' dir='ltr'><strong>quo</strong></span> <span class='ocrx_word' id='word_1_198' title='bbox 2041 1083 2192 1121; x_wconf 88' lang='lat' dir='ltr'><strong>Helena</strong></span> 
     </span>
     <span class='ocr_line' id='line_1_18' title="bbox 290 1142 2193 1193; baseline -0.002 -10"><span class='ocrx_word' id='word_1_199' title='bbox 290 1142 484 1193; x_wconf 79' lang='grc' dir='ltr'><strong><em>δολόμητις</em></strong></span> <span class='ocrx_word' id='word_1_200' title='bbox 513 1144 739 1193; x_wconf 78' lang='lat' dir='ltr'><strong>appellatur.</strong></span> <span class='ocrx_word' id='word_1_201' title='bbox 793 1146 853 1182; x_wconf 82' lang='lat' dir='ltr'><strong>Ab</strong></span> <span class='ocrx_word' id='word_1_202' title='bbox 881 1145 1057 1193; x_wconf 88' lang='lat' dir='ltr'><strong>Oppiano</strong></span> <span class='ocrx_word' id='word_1_203' title='bbox 1084 1147 1223 1190; x_wconf 80' lang='lat' dir='ltr'><strong>autem,</strong></span> <span class='ocrx_word' id='word_1_204' title='bbox 1247 1144 1311 1192; x_wconf 84' lang='lat' dir='ltr'><strong>qui</strong></span> <span class='ocrx_word' id='word_1_205' title='bbox 1335 1145 1374 1181; x_wconf 90' lang='lat' dir='ltr'><strong>in</strong></span> <span class='ocrx_word' id='word_1_206' title='bbox 1401 1143 1629 1182; x_wconf 89' lang='lat' dir='ltr'><strong>Halieuticis</strong></span> <span class='ocrx_word' id='word_1_207' title='bbox 1650 1143 1711 1181; x_wconf 90' lang='lat' dir='ltr'><strong>vel</strong></span> <span class='ocrx_word' id='word_1_208' title='bbox 1730 1145 1994 1182; x_wconf 87' lang='lat' dir='ltr'><strong>venustissime</strong></span> <span class='ocrx_word' id='word_1_209' title='bbox 2014 1142 2193 1182; x_wconf 89' lang='lat' dir='ltr'><strong>animalia</strong></span> 
     </span>
     <span class='ocr_line' id='line_1_19' title="bbox 290 1204 2192 1251; baseline -0.001 -9"><span class='ocrx_word' id='word_1_210' title='bbox 290 1204 438 1242; x_wconf 81' lang='lat' dir='ltr'><strong>marina</strong></span> <span class='ocrx_word' id='word_1_211' title='bbox 469 1205 658 1242; x_wconf 86' lang='lat' dir='ltr'><strong>hominum</strong></span> <span class='ocrx_word' id='word_1_212' title='bbox 683 1205 806 1242; x_wconf 81' lang='lat' dir='ltr'><strong>instar</strong></span> <span class='ocrx_word' id='word_1_213' title='bbox 831 1204 1035 1242; x_wconf 80' lang='lat' dir='ltr'><strong>sentientia</strong></span> <span class='ocrx_word' id='word_1_214' title='bbox 1074 1208 1188 1251; x_wconf 86' lang='lat' dir='ltr'><strong>atque</strong></span> <span class='ocrx_word' id='word_1_215' title='bbox 1216 1204 1371 1251; x_wconf 76' lang='lat' dir='ltr'><strong>agentia</strong></span> <span class='ocrx_word' id='word_1_216' title='bbox 1409 1204 1513 1250; x_wconf 84' lang='lat' dir='ltr'><strong>facit,</strong></span> <span class='ocrx_word' id='word_1_217' title='bbox 1541 1216 1654 1251; x_wconf 90' lang='lat' dir='ltr'><strong>quum</strong></span> <span class='ocrx_word' id='word_1_218' title='bbox 1691 1204 1767 1240; x_wconf 78' lang='lat' dir='ltr'><strong>alia</strong></span> <span class='ocrx_word' id='word_1_219' title='bbox 1807 1205 1977 1251; x_wconf 86' lang='lat' dir='ltr'><strong>epitheta</strong></span> <span class='ocrx_word' id='word_1_220' title='bbox 2003 1205 2192 1241; x_wconf 92' lang='lat' dir='ltr'><strong>hominum</strong></span> 
     </span>
     <span class='ocr_line' id='line_1_20' title="bbox 290 1259 2194 1314; baseline 0.001 -13"><span class='ocrx_word' id='word_1_221' title='bbox 290 1264 458 1313; x_wconf 85' lang='lat' dir='ltr'><strong>propria,</strong></span> <span class='ocrx_word' id='word_1_222' title='bbox 501 1269 580 1301; x_wconf 91' lang='lat' dir='ltr'><strong>tum</strong></span> <span class='ocrx_word' id='word_1_223' title='bbox 607 1264 678 1301; x_wconf 89' lang='lat' dir='ltr'><strong>hoc</strong></span> <span class='ocrx_word' id='word_1_224' title='bbox 718 1265 769 1301; x_wconf 86' lang='lat' dir='ltr'><strong>ad</strong></span> <span class='ocrx_word' id='word_1_225' title='bbox 797 1264 942 1312; x_wconf 84' lang='lat' dir='ltr'><strong>aliquot</strong></span> <span class='ocrx_word' id='word_1_226' title='bbox 981 1274 1112 1301; x_wconf 91' lang='lat' dir='ltr'><strong>eorum</strong></span> <span class='ocrx_word' id='word_1_227' title='bbox 1137 1262 1362 1300; x_wconf 86' lang='lat' dir='ltr'><strong>translatum</strong></span> <span class='ocrx_word' id='word_1_228' title='bbox 1388 1268 1462 1310; x_wconf 89' lang='lat' dir='ltr'><strong>est,</strong></span> <span class='ocrx_word' id='word_1_229' title='bbox 1494 1263 1598 1301; x_wconf 89' lang='lat' dir='ltr'><strong>velut</strong></span> <span class='ocrx_word' id='word_1_230' title='bbox 1623 1263 1673 1311; x_wconf 92' lang='lat' dir='ltr'><strong>II,</strong></span> <span class='ocrx_word' id='word_1_231' title='bbox 1701 1262 1773 1301; x_wconf 91' lang='grc'><strong>120</strong></span> <span class='ocrx_word' id='word_1_232' title='bbox 1799 1259 1991 1313; x_wconf 85' lang='grc' dir='ltr'><strong><em>δολόμητις</em></strong></span> <span class='ocrx_word' id='word_1_233' title='bbox 2022 1266 2127 1314; x_wconf 73' lang='grc' dir='ltr'><strong><em>σηπίη</em></strong></span> <span class='ocrx_word' id='word_1_234' title='bbox 2154 1268 2194 1303; x_wconf 83' lang='grc'><strong>81</strong></span> 
     </span>
     <span class='ocr_line' id='line_1_21' title="bbox 290 1320 1241 1374; baseline -0.002 -13"><span class='ocrx_word' id='word_1_235' title='bbox 290 1324 340 1362; x_wconf 85' lang='lat' dir='ltr'><strong>ib.</strong></span> <span class='ocrx_word' id='word_1_236' title='bbox 368 1323 443 1362; x_wconf 83' lang='lat'><strong>305</strong></span> <span class='ocrx_word' id='word_1_237' title='bbox 468 1326 504 1362; x_wconf 92' lang='grc' dir='ltr'><strong><em>τί</em></strong></span> <span class='ocrx_word' id='word_1_238' title='bbox 529 1320 698 1374; x_wconf 54' lang='grc' dir='ltr'><strong><em>πτώσσεις</em></strong></span> <span class='ocrx_word' id='word_1_239' title='bbox 723 1324 927 1373; x_wconf 82' lang='grc' dir='ltr'><strong><em>δολομῆτα;</em></strong></span> <span class='ocrx_word' id='word_1_240' title='bbox 955 1324 1036 1361; x_wconf 84' lang='grc'><strong>8011.</strong></span> <span class='ocrx_word' id='word_1_241' title='bbox 1068 1320 1241 1360; x_wconf 55' lang='lat' dir='ltr'><strong>nouum..</strong></span> 
     </span>
    </p>
   </div>
   <div class='ocr_carea' id='block_1_6' title="bbox 289 1389 2194 1680">
    <p class='ocr_par' dir='ltr' id='par_1_7' title="bbox 289 1389 2194 1680">
     <span class='ocr_line' id='line_1_22' title="bbox 466 1389 2192 1443; baseline 0 -13"><span class='ocrx_word' id='word_1_242' title='bbox 466 1393 501 1430; x_wconf 83' lang='lat'><strong>8.</strong></span> <span class='ocrx_word' id='word_1_243' title='bbox 527 1389 723 1443; x_wconf 82' lang='grc' dir='ltr'><strong><em>Αἰχμητής.</em></strong></span> <span class='ocrx_word' id='word_1_244' title='bbox 775 1394 832 1430; x_wconf 90' lang='lat' dir='ltr'><strong>De</strong></span> <span class='ocrx_word' id='word_1_245' title='bbox 860 1393 1037 1441; x_wconf 74' lang='lat' dir='ltr'><strong>oppiano</strong></span> <span class='ocrx_word' id='word_1_246' title='bbox 1065 1392 1167 1440; x_wconf 91' lang='lat' dir='ltr'><strong>quod</strong></span> <span class='ocrx_word' id='word_1_247' title='bbox 1192 1392 1304 1429; x_wconf 90' lang='lat' dir='ltr'><strong>modo</strong></span> <span class='ocrx_word' id='word_1_248' title='bbox 1338 1391 1499 1430; x_wconf 82' lang='lat' dir='ltr'><strong>diximus</strong></span> <span class='ocrx_word' id='word_1_249' title='bbox 1537 1404 1648 1441; x_wconf 90' lang='lat' dir='ltr'><strong>quum</strong></span> <span class='ocrx_word' id='word_1_250' title='bbox 1673 1404 1803 1429; x_wconf 87' lang='lat' dir='ltr'><strong>verum</strong></span> <span class='ocrx_word' id='word_1_251' title='bbox 1830 1392 1891 1440; x_wconf 85' lang='lat' dir='ltr'><strong>sit,</strong></span> <span class='ocrx_word' id='word_1_252' title='bbox 1911 1393 1993 1441; x_wconf 84' lang='lat' dir='ltr'><strong>jam</strong></span> <span class='ocrx_word' id='word_1_253' title='bbox 2020 1403 2096 1429; x_wconf 92' lang='lat' dir='ltr'><strong>non</strong></span> <span class='ocrx_word' id='word_1_254' title='bbox 2123 1397 2192 1439; x_wconf 87' lang='lat' dir='ltr'><strong>est,</strong></span> 
     </span>
     <span class='ocr_line' id='line_1_23' title="bbox 291 1451 2192 1501; baseline 0 -12"><span class='ocrx_word' id='word_1_255' title='bbox 291 1453 394 1500; x_wconf 91' lang='lat' dir='ltr'><strong>quod</strong></span> <span class='ocrx_word' id='word_1_256' title='bbox 418 1453 607 1499; x_wconf 89' lang='lat' dir='ltr'><strong>miremur,</strong></span> <span class='ocrx_word' id='word_1_257' title='bbox 625 1452 947 1501; x_wconf 86' lang='lat' dir='ltr'><strong>Oynegeticorum</strong></span> <span class='ocrx_word' id='word_1_258' title='bbox 972 1453 1210 1501; x_wconf 83' lang='lat' dir='ltr'><strong>scriptorem,</strong></span> <span class='ocrx_word' id='word_1_259' title='bbox 1237 1452 1467 1497; x_wconf 82' lang='lat' dir='ltr'><strong>imitatorem</strong></span> <span class='ocrx_word' id='word_1_260' title='bbox 1488 1452 1593 1489; x_wconf 89' lang='lat' dir='ltr'><strong>illum</strong></span> <span class='ocrx_word' id='word_1_261' title='bbox 1619 1452 1770 1499; x_wconf 90' lang='lat' dir='ltr'><strong>quidem</strong></span> <span class='ocrx_word' id='word_1_262' title='bbox 1788 1451 1965 1500; x_wconf 87' lang='lat' dir='ltr'><strong>Oppiani,</strong></span> <span class='ocrx_word' id='word_1_263' title='bbox 1992 1453 2061 1489; x_wconf 87' lang='lat' dir='ltr'><strong>sed</strong></span> <span class='ocrx_word' id='word_1_264' title='bbox 2088 1452 2192 1499; x_wconf 89' lang='lat' dir='ltr'><strong>inge-</strong></span> 
     </span>
     <span class='ocr_line' id='line_1_24' title="bbox 290 1506 2194 1559; baseline -0.001 -10"><span class='ocrx_word' id='word_1_265' title='bbox 290 1512 354 1549; x_wconf 89' lang='lat' dir='ltr'><strong>nio</strong></span> <span class='ocrx_word' id='word_1_266' title='bbox 380 1512 576 1559; x_wconf 86' lang='lat' dir='ltr'><strong>imparem,</strong></span> <span class='ocrx_word' id='word_1_267' title='bbox 608 1523 685 1548; x_wconf 91' lang='lat' dir='ltr'><strong>non</strong></span> <span class='ocrx_word' id='word_1_268' title='bbox 712 1512 908 1548; x_wconf 82' lang='lat' dir='ltr'><strong>dubitasse</strong></span> <span class='ocrx_word' id='word_1_269' title='bbox 935 1523 1070 1548; x_wconf 91' lang='lat' dir='ltr'><strong>nomen</strong></span> <span class='ocrx_word' id='word_1_270' title='bbox 1098 1506 1285 1559; x_wconf 79' lang='grc' dir='ltr'><strong><em>αἰχμητής,</em></strong></span> <span class='ocrx_word' id='word_1_271' title='bbox 1313 1512 1414 1557; x_wconf 87' lang='lat' dir='ltr'><strong>quod</strong></span> <span class='ocrx_word' id='word_1_272' title='bbox 1440 1511 1630 1548; x_wconf 89' lang='lat' dir='ltr'><strong>Homerus</strong></span> <span class='ocrx_word' id='word_1_273' title='bbox 1656 1511 1731 1547; x_wconf 90' lang='lat' dir='ltr'><strong>nisi</strong></span> <span class='ocrx_word' id='word_1_274' title='bbox 1757 1511 1974 1547; x_wconf 86' lang='lat' dir='ltr'><strong>fortissimis</strong></span> <span class='ocrx_word' id='word_1_275' title='bbox 2000 1511 2091 1547; x_wconf 87' lang='lat' dir='ltr'><strong>viris</strong></span> <span class='ocrx_word' id='word_1_276' title='bbox 2118 1522 2194 1547; x_wconf 91' lang='lat' dir='ltr'><strong>non</strong></span> 
     </span>
     <span class='ocr_line' id='line_1_25' title="bbox 289 1568 2191 1619; baseline -0.001 -11"><span class='ocrx_word' id='word_1_277' title='bbox 289 1571 438 1618; x_wconf 88' lang='lat' dir='ltr'><strong>tribuit,</strong></span> <span class='ocrx_word' id='word_1_278' title='bbox 464 1576 505 1608; x_wconf 88' lang='lat' dir='ltr'><strong>ut</strong></span> <span class='ocrx_word' id='word_1_279' title='bbox 530 1571 677 1608; x_wconf 85' lang='lat' dir='ltr'><strong>Glauco</strong></span> <span class='ocrx_word' id='word_1_280' title='bbox 704 1571 755 1617; x_wconf 83' lang='grc' dir='ltr'><strong>Π,</strong></span> <span class='ocrx_word' id='word_1_281' title='bbox 782 1569 875 1619; x_wconf 82' lang='lat'>493;</span> <span class='ocrx_word' id='word_1_282' title='bbox 900 1570 1077 1608; x_wconf 90' lang='lat' dir='ltr'><strong>Diomedi</strong></span> <span class='ocrx_word' id='word_1_283' title='bbox 1104 1569 1154 1616; x_wconf 90' lang='lat' dir='ltr'><strong>Z,</strong></span> <span class='ocrx_word' id='word_1_284' title='bbox 1182 1568 1248 1618; x_wconf 82' lang='lat'><strong>97;</strong></span> <span class='ocrx_word' id='word_1_285' title='bbox 1278 1568 1453 1608; x_wconf 84' lang='lat' dir='ltr'><strong>Menelao</strong></span> <span class='ocrx_word' id='word_1_286' title='bbox 1479 1571 1521 1617; x_wconf 91' lang='lat' dir='ltr'><strong>P,</strong></span> <span class='ocrx_word' id='word_1_287' title='bbox 1548 1569 1633 1617; x_wconf 86' lang='lat'><strong>588,</strong></span> <span class='ocrx_word' id='word_1_288' title='bbox 1661 1570 1752 1607; x_wconf 89' lang='lat' dir='ltr'><strong>alibi</strong></span> <span class='ocrx_word' id='word_1_289' title='bbox 1778 1569 1864 1607; x_wconf 86' lang='lat' dir='ltr'><strong>aliis</strong></span> <span class='ocrx_word' id='word_1_290' title='bbox 1890 1592 1939 1597; x_wconf 89' lang='lat'>—</span> <span class='ocrx_word' id='word_1_291' title='bbox 1965 1571 2013 1607; x_wconf 86' lang='lat' dir='ltr'><strong>de</strong></span> <span class='ocrx_word' id='word_1_292' title='bbox 2036 1571 2191 1608; x_wconf 85' lang='lat' dir='ltr'><strong>canibus</strong></span> 
     </span>
     <span class='ocr_line' id='line_1_26' title="bbox 292 1626 2027 1680; baseline 0 -13"><span class='ocrx_word' id='word_1_293' title='bbox 292 1633 600 1680; x_wconf 76' lang='grc' dir='ltr'><strong><em>καταχρηστικῶς,</em></strong></span> <span class='ocrx_word' id='word_1_294' title='bbox 628 1635 669 1667; x_wconf 91' lang='grc'><strong>111</strong></span> <span class='ocrx_word' id='word_1_295' title='bbox 693 1632 802 1679; x_wconf 87' lang='lat' dir='ltr'><strong>ajunt</strong></span> <span class='ocrx_word' id='word_1_296' title='bbox 827 1630 1075 1678; x_wconf 82' lang='lat' dir='ltr'><strong>grammatici,</strong></span> <span class='ocrx_word' id='word_1_297' title='bbox 1103 1640 1265 1678; x_wconf 86' lang='lat' dir='ltr'><strong>ponere:</strong></span> <span class='ocrx_word' id='word_1_298' title='bbox 1293 1629 1437 1677; x_wconf 87' lang='lat' dir='ltr'><strong>Cyneg.</strong></span> <span class='ocrx_word' id='word_1_299' title='bbox 1468 1630 1498 1675; x_wconf 93' lang='lat' dir='ltr'><strong>I,</strong></span> <span class='ocrx_word' id='word_1_300' title='bbox 1526 1629 1599 1667; x_wconf 83' lang='lat'><strong>426</strong></span> <span class='ocrx_word' id='word_1_301' title='bbox 1627 1626 1805 1679; x_wconf 66' lang='grc' dir='ltr'><strong><em>αἰχμητῶν</em></strong></span> <span class='ocrx_word' id='word_1_302' title='bbox 1830 1626 2027 1667; x_wconf 73' lang='grc' dir='ltr'><strong><em>σκυλάκων.</em></strong></span> 
     </span>
    </p>
   </div>
   <div class='ocr_carea' id='block_1_7' title="bbox 527 1757 1960 1807">
    <p class='ocr_par' dir='ltr' id='par_1_8' title="bbox 527 1757 1960 1807">
     <span class='ocr_line' id='line_1_27' title="bbox 527 1757 1960 1807; baseline 0.001 -12"><span class='ocrx_word' id='word_1_303' title='bbox 527 1759 620 1807; x_wconf 87' lang='lat' dir='ltr'><strong>Cap.</strong></span> <span class='ocrx_word' id='word_1_304' title='bbox 646 1759 717 1795; x_wconf 91' lang='grc' dir='ltr'><strong>ΙΙΙ.</strong></span> <span class='ocrx_word' id='word_1_305' title='bbox 769 1759 832 1795; x_wconf 87' lang='lat' dir='ltr'><strong>De</strong></span> <span class='ocrx_word' id='word_1_306' title='bbox 861 1759 1082 1807; x_wconf 87' lang='lat' dir='ltr'><strong>epithetis</strong></span> <span class='ocrx_word' id='word_1_307' title='bbox 1108 1758 1364 1795; x_wconf 90' lang='lat' dir='ltr'><strong>hominibus</strong></span> <span class='ocrx_word' id='word_1_308' title='bbox 1392 1759 1444 1794; x_wconf 87' lang='lat' dir='ltr'><strong>ab</strong></span> <span class='ocrx_word' id='word_1_309' title='bbox 1471 1757 1669 1795; x_wconf 87' lang='lat' dir='ltr'><strong>Homero</strong></span> <span class='ocrx_word' id='word_1_310' title='bbox 1696 1759 1960 1796; x_wconf 82' lang='lat' dir='ltr'><strong>attributis.</strong></span> 
     </span>
    </p>
   </div>
   <div class='ocr_carea' id='block_1_8' title="bbox 290 1834 2201 2733">
    <p class='ocr_par' dir='ltr' id='par_1_9' title="bbox 290 1834 2197 2604">
     <span class='ocr_line' id='line_1_28' title="bbox 469 1834 2195 1887; baseline 0.001 -13"><span class='ocrx_word' id='word_1_311' title='bbox 469 1839 502 1875; x_wconf 90' lang='lat'><strong>1.</strong></span> <span class='ocrx_word' id='word_1_312' title='bbox 526 1834 695 1887; x_wconf 81' lang='grc' dir='ltr'><strong><em>Ἀνιηρός</em></strong></span> <span class='ocrx_word' id='word_1_313' title='bbox 721 1838 770 1874; x_wconf 83' lang='lat' dir='ltr'><strong>ab</strong></span> <span class='ocrx_word' id='word_1_314' title='bbox 796 1836 882 1876; x_wconf 81' lang='grc' dir='ltr'><strong><em>ἀνία</em></strong></span> <span class='ocrx_word' id='word_1_315' title='bbox 908 1837 1122 1887; x_wconf 84' lang='lat' dir='ltr'><strong>profectum</strong></span> <span class='ocrx_word' id='word_1_316' title='bbox 1149 1837 1341 1886; x_wconf 86' lang='lat' dir='ltr'><strong>significat</strong></span> <span class='ocrx_word' id='word_1_317' title='bbox 1366 1838 1619 1879; x_wconf 89' lang='lat' dir='ltr'><strong>molestum,</strong></span> <span class='ocrx_word' id='word_1_318' title='bbox 1647 1838 1796 1875; x_wconf 87' lang='lat' dir='ltr'><strong>taedii</strong></span> <span class='ocrx_word' id='word_1_319' title='bbox 1822 1838 2003 1886; x_wconf 87' lang='lat' dir='ltr'><strong>plenum</strong></span> <span class='ocrx_word' id='word_1_320' title='bbox 2027 1844 2065 1876; x_wconf 90' lang='lat' dir='ltr'><strong>et</strong></span> <span class='ocrx_word' id='word_1_321' title='bbox 2093 1840 2195 1887; x_wconf 89' lang='lat' dir='ltr'><strong>apud</strong></span> 
     </span>
     <span class='ocr_line' id='line_1_29' title="bbox 290 1894 2192 1945; baseline 0 -10"><span class='ocrx_word' id='word_1_322' title='bbox 290 1899 499 1935; x_wconf 86' lang='lat' dir='ltr'><strong>Homerum</strong></span> <span class='ocrx_word' id='word_1_323' title='bbox 525 1898 747 1934; x_wconf 87' lang='lat' dir='ltr'><strong>attributum</strong></span> <span class='ocrx_word' id='word_1_324' title='bbox 773 1902 833 1933; x_wconf 90' lang='lat' dir='ltr'><strong>est</strong></span> <span class='ocrx_word' id='word_1_325' title='bbox 858 1898 1117 1934; x_wconf 87' lang='lat' dir='ltr'><strong>mendicorum</strong></span> <span class='ocrx_word' id='word_1_326' title='bbox 1143 1897 1282 1943; x_wconf 80' lang='lat' dir='ltr'><strong>odyss.</strong></span> <span class='ocrx_word' id='word_1_327' title='bbox 1310 1911 1342 1944; x_wconf 81' lang='grc' dir='ltr'><strong>ρ,</strong></span> <span class='ocrx_word' id='word_1_328' title='bbox 1369 1897 1453 1942; x_wconf 85' lang='grc'><strong>220,</strong></span> <span class='ocrx_word' id='word_1_329' title='bbox 1480 1896 1565 1933; x_wconf 86' lang='grc'><strong>377.</strong></span> <span class='ocrx_word' id='word_1_330' title='bbox 1616 1896 1803 1933; x_wconf 84' lang='lat' dir='ltr'><strong>Nicandri</strong></span> <span class='ocrx_word' id='word_1_331' title='bbox 1829 1894 1969 1945; x_wconf 79' lang='grc' dir='ltr'><strong><em>ἀνιγρός</em></strong></span> <span class='ocrx_word' id='word_1_332' title='bbox 1995 1898 2095 1935; x_wconf 82' lang='grc'><strong>1118111</strong></span> <span class='ocrx_word' id='word_1_333' title='bbox 2123 1902 2192 1945; x_wconf 89' lang='lat' dir='ltr'><strong>est,</strong></span> 
     </span>
     <span class='ocr_line' id='line_1_30' title="bbox 291 1950 2193 2007; baseline 0.001 -13"><span class='ocrx_word' id='word_1_334' title='bbox 291 1961 332 1994; x_wconf 92' lang='lat' dir='ltr'><strong>ut</strong></span> <span class='ocrx_word' id='word_1_335' title='bbox 356 1961 520 2007; x_wconf 80' lang='lat' dir='ltr'><strong>apparet</strong></span> <span class='ocrx_word' id='word_1_336' title='bbox 545 1967 594 1994; x_wconf 79' lang='lat' dir='ltr'><strong>ex</strong></span> <span class='ocrx_word' id='word_1_337' title='bbox 617 1955 880 2006; x_wconf 81' lang='lat' dir='ltr'><strong>Alexipharm.</strong></span> <span class='ocrx_word' id='word_1_338' title='bbox 907 1955 998 1996; x_wconf 81' lang='lat'>548:</span> <span class='ocrx_word' id='word_1_339' title='bbox 1024 1953 1068 1995; x_wconf 81' lang='grc' dir='ltr'><strong>οὐ</strong></span> <span class='ocrx_word' id='word_1_340' title='bbox 1096 1950 1164 2005; x_wconf 77' lang='grc' dir='ltr'><strong>γὰρ</strong></span> <span class='ocrx_word' id='word_1_341' title='bbox 1183 1952 1327 2006; x_wconf 59' lang='lat' dir='ltr'><strong>&lt;impar</strong></span> <span class='ocrx_word' id='word_1_342' title='bbox 1344 1958 1453 2006; x_wconf 71' lang='grc' dir='ltr'><strong><em>πῶμα</em></strong></span> <span class='ocrx_word' id='word_1_343' title='bbox 1473 1958 1624 2007; x_wconf 79' lang='grc' dir='ltr'><strong><em>βροτοῖς,</em></strong></span> <span class='ocrx_word' id='word_1_344' title='bbox 1643 1957 1749 2005; x_wconf 91' lang='lat' dir='ltr'><strong>potio</strong></span> <span class='ocrx_word' id='word_1_345' title='bbox 1767 1957 1861 1994; x_wconf 89' lang='lat' dir='ltr'><strong>nihil</strong></span> <span class='ocrx_word' id='word_1_346' title='bbox 1878 1958 1997 1995; x_wconf 87' lang='lat' dir='ltr'><strong>taedii</strong></span> <span class='ocrx_word' id='word_1_347' title='bbox 2016 1959 2193 1996; x_wconf 82' lang='lat' dir='ltr'><strong>afferens.</strong></span> 
     </span>
     <span class='ocr_line' id='line_1_31' title="bbox 291 2011 2193 2065; baseline 0 -10"><span class='ocrx_word' id='word_1_348' title='bbox 291 2020 345 2055; x_wconf 84' lang='lat' dir='ltr'><strong>At</strong></span> <span class='ocrx_word' id='word_1_349' title='bbox 358 2018 535 2055; x_wconf 84' lang='lat' dir='ltr'><strong>Theriac.</strong></span> <span class='ocrx_word' id='word_1_350' title='bbox 554 2017 623 2053; x_wconf 89' lang='grc'><strong>701</strong></span> <span class='ocrx_word' id='word_1_351' title='bbox 644 2011 712 2054; x_wconf 81' lang='grc' dir='ltr'><strong>ὅσα</strong></span> <span class='ocrx_word' id='word_1_352' title='bbox 728 2018 850 2061; x_wconf 80' lang='grc' dir='ltr'><strong><em>φῶτας</em></strong></span> <span class='ocrx_word' id='word_1_353' title='bbox 864 2012 1028 2065; x_wconf 77' lang='grc' dir='ltr'><strong><em>ἀνιγροὺς</em></strong></span> <span class='ocrx_word' id='word_1_354' title='bbox 1046 2011 1172 2064; x_wconf 72' lang='grc' dir='ltr'><strong><em>ἑρπετὰ</em></strong></span> <span class='ocrx_word' id='word_1_355' title='bbox 1189 2018 1344 2053; x_wconf 89' lang='grc' dir='ltr'><strong><em>σίνονται</em></strong></span> <span class='ocrx_word' id='word_1_356' title='bbox 1360 2017 1517 2065; x_wconf 85' lang='lat' dir='ltr'><strong>passiva</strong></span> <span class='ocrx_word' id='word_1_357' title='bbox 1534 2016 1778 2064; x_wconf 85' lang='lat' dir='ltr'><strong>significatio:</strong></span> <span class='ocrx_word' id='word_1_358' title='bbox 1806 2017 1964 2054; x_wconf 87' lang='lat' dir='ltr'><strong>dolore</strong></span> <span class='ocrx_word' id='word_1_359' title='bbox 1990 2017 2193 2055; x_wconf 85' lang='lat' dir='ltr'><strong>affectos</strong></span> 
     </span>
     <span class='ocr_line' id='line_1_32' title="bbox 292 2071 2196 2125; baseline 0.001 -11"><span class='ocrx_word' id='word_1_360' title='bbox 292 2076 465 2116; x_wconf 84' lang='lat' dir='ltr'><strong>notanda</strong></span> <span class='ocrx_word' id='word_1_361' title='bbox 502 2079 577 2118; x_wconf 86' lang='lat' dir='ltr'><strong>est,</strong></span> <span class='ocrx_word' id='word_1_362' title='bbox 611 2080 652 2113; x_wconf 90' lang='lat' dir='ltr'><strong>ut</strong></span> <span class='ocrx_word' id='word_1_363' title='bbox 680 2076 794 2122; x_wconf 76' lang='grc' dir='ltr'><strong><em>φῶτες</em></strong></span> <span class='ocrx_word' id='word_1_364' title='bbox 819 2088 890 2125; x_wconf 90' lang='lat' dir='ltr'><strong>per</strong></span> <span class='ocrx_word' id='word_1_365' title='bbox 929 2087 1167 2123; x_wconf 88' lang='lat' dir='ltr'><strong>consequens</strong></span> <span class='ocrx_word' id='word_1_366' title='bbox 1195 2071 1254 2124; x_wconf 87' lang='grc' dir='ltr'><strong><em>(τὸ</em></strong></span> <span class='ocrx_word' id='word_1_367' title='bbox 1280 2072 1476 2125; x_wconf 73' lang='grc' dir='ltr'><strong><em>ἑπόμενον),</em></strong></span> <span class='ocrx_word' id='word_1_368' title='bbox 1518 2080 1559 2112; x_wconf 89' lang='grc'><strong>111</strong></span> <span class='ocrx_word' id='word_1_369' title='bbox 1580 2077 1697 2124; x_wconf 74' lang='lat' dir='ltr'><strong>aJunt,</strong></span> <span class='ocrx_word' id='word_1_370' title='bbox 1741 2077 1795 2114; x_wconf 87' lang='lat' dir='ltr'><strong>sic</strong></span> <span class='ocrx_word' id='word_1_371' title='bbox 1821 2077 1949 2114; x_wconf 84' lang='lat' dir='ltr'><strong>vocati</strong></span> <span class='ocrx_word' id='word_1_372' title='bbox 1980 2078 2056 2114; x_wconf 90' lang='lat' dir='ltr'><strong>sint</strong></span> <span class='ocrx_word' id='word_1_373' title='bbox 2079 2097 2130 2105; x_wconf 97' lang='lat'>—</span> <span class='ocrx_word' id='word_1_374' title='bbox 2156 2082 2196 2115; x_wconf 90' lang='lat' dir='ltr'><strong>et</strong></span> 
     </span>
     <span class='ocr_line' id='line_1_33' title="bbox 292 2126 2195 2185; baseline 0 -11"><span class='ocrx_word' id='word_1_375' title='bbox 292 2137 409 2174; x_wconf 85' lang='lat' dir='ltr'><strong>Ther.</strong></span> <span class='ocrx_word' id='word_1_376' title='bbox 436 2135 471 2172; x_wconf 91' lang='lat'><strong>8.</strong></span> <span class='ocrx_word' id='word_1_377' title='bbox 503 2129 669 2184; x_wconf 68' lang='grc' dir='ltr'><strong><em>ἅνιγροὸς</em></strong></span> <span class='ocrx_word' id='word_1_378' title='bbox 707 2133 880 2185; x_wconf 70' lang='grc' dir='ltr'><strong><em>ὃραηστάς</em></strong></span> <span class='ocrx_word' id='word_1_379' title='bbox 918 2135 1099 2173; x_wconf 90' lang='lat' dir='ltr'><strong>molesti</strong></span> <span class='ocrx_word' id='word_1_380' title='bbox 1138 2135 1356 2173; x_wconf 88' lang='lat' dir='ltr'><strong>intellectus</strong></span> <span class='ocrx_word' id='word_1_381' title='bbox 1396 2147 1474 2174; x_wconf 89' lang='lat' dir='ltr'><strong>non</strong></span> <span class='ocrx_word' id='word_1_382' title='bbox 1499 2126 1651 2182; x_wconf 82' lang='lat' dir='ltr'><strong>sufficit,</strong></span> <span class='ocrx_word' id='word_1_383' title='bbox 1678 2135 1790 2173; x_wconf 89' lang='lat' dir='ltr'><strong>immo</strong></span> <span class='ocrx_word' id='word_1_384' title='bbox 1816 2147 1909 2173; x_wconf 87' lang='lat' dir='ltr'><strong>vero</strong></span> <span class='ocrx_word' id='word_1_385' title='bbox 1936 2137 2195 2184; x_wconf 89' lang='lat' dir='ltr'><strong>perniciosi</strong></span> 
     </span>
     <span class='ocr_line' id='line_1_34' title="bbox 292 2191 2196 2245; baseline 0.001 -12"><span class='ocrx_word' id='word_1_386' title='bbox 292 2195 584 2245; x_wconf 77' lang='lat' dir='ltr'><strong>postulatur-cf.</strong></span> <span class='ocrx_word' id='word_1_387' title='bbox 622 2194 747 2233; x_wconf 85' lang='lat' dir='ltr'><strong>Schol.</strong></span> <span class='ocrx_word' id='word_1_388' title='bbox 782 2195 832 2232; x_wconf 85' lang='lat' dir='ltr'><strong>ad</strong></span> <span class='ocrx_word' id='word_1_389' title='bbox 868 2196 904 2233; x_wconf 88' lang='lat' dir='ltr'><strong>h.</strong></span> <span class='ocrx_word' id='word_1_390' title='bbox 931 2194 956 2231; x_wconf 88' lang='grc'><strong>1.</strong></span> <span class='ocrx_word' id='word_1_391' title='bbox 984 2191 1167 2239; x_wconf 78' lang='grc' dir='ltr'><strong><em>ἀνιαρούς,</em></strong></span> <span class='ocrx_word' id='word_1_392' title='bbox 1206 2191 1398 2244; x_wconf 69' lang='grc' dir='ltr'><strong><em>λυαηρούς,</em></strong></span> <span class='ocrx_word' id='word_1_393' title='bbox 1438 2191 1612 2238; x_wconf 82' lang='grc' dir='ltr'><strong><em>αἰτίους</em></strong></span> <span class='ocrx_word' id='word_1_394' title='bbox 1636 2195 1784 2232; x_wconf 76' lang='grc' dir='ltr'><strong><em>κακοῦ.</em></strong></span> <span class='ocrx_word' id='word_1_395' title='bbox 1835 2196 1949 2244; x_wconf 85' lang='lat' dir='ltr'><strong>Apud</strong></span> <span class='ocrx_word' id='word_1_396' title='bbox 1981 2196 2196 2245; x_wconf 84' lang='lat' dir='ltr'><strong>Oppianum</strong></span> 
     </span>
     <span class='ocr_line' id='line_1_35' title="bbox 291 2249 2194 2304; baseline 0.001 -11"><span class='ocrx_word' id='word_1_397' title='bbox 291 2255 446 2304; x_wconf 89' lang='lat' dir='ltr'><strong>quidem</strong></span> <span class='ocrx_word' id='word_1_398' title='bbox 473 2255 592 2292; x_wconf 86' lang='lat' dir='ltr'><strong>semel</strong></span> <span class='ocrx_word' id='word_1_399' title='bbox 611 2254 828 2292; x_wconf 89' lang='lat' dir='ltr'><strong>Homericis</strong></span> <span class='ocrx_word' id='word_1_400' title='bbox 850 2251 997 2303; x_wconf 74' lang='grc' dir='ltr'><strong><em>λυγρίς,</em></strong></span> <span class='ocrx_word' id='word_1_401' title='bbox 1024 2249 1209 2303; x_wconf 77' lang='grc' dir='ltr'><strong><em>στυγερός,</em></strong></span> <span class='ocrx_word' id='word_1_402' title='bbox 1232 2254 1417 2292; x_wconf 82' lang='lat' dir='ltr'><strong>similibus</strong></span> <span class='ocrx_word' id='word_1_403' title='bbox 1434 2255 1517 2292; x_wconf 87' lang='lat' dir='ltr'><strong>fere</strong></span> <span class='ocrx_word' id='word_1_404' title='bbox 1539 2255 1765 2303; x_wconf 88' lang='lat' dir='ltr'><strong>respondet:</strong></span> <span class='ocrx_word' id='word_1_405' title='bbox 1793 2254 1881 2292; x_wconf 89' lang='lat' dir='ltr'><strong>Hal.</strong></span> <span class='ocrx_word' id='word_1_406' title='bbox 1900 2256 1968 2302; x_wconf 87' lang='lat' dir='ltr'><strong>IV,</strong></span> <span class='ocrx_word' id='word_1_407' title='bbox 1985 2254 2060 2293; x_wconf 90' lang='grc'><strong>209</strong></span> <span class='ocrx_word' id='word_1_408' title='bbox 2083 2253 2194 2304; x_wconf 85' lang='grc' dir='ltr'><strong><em>ζήλου</em></strong></span> 
     </span>
     <span class='ocr_line' id='line_1_36' title="bbox 293 2312 2195 2363; baseline -0.001 -10"><span class='ocrx_word' id='word_1_409' title='bbox 293 2312 479 2363; x_wconf 59' lang='lat' dir='ltr'><strong>ducalem,</strong></span> <span class='ocrx_word' id='word_1_410' title='bbox 508 2314 573 2350; x_wconf 91' lang='lat' dir='ltr'><strong>ubi</strong></span> <span class='ocrx_word' id='word_1_411' title='bbox 598 2314 647 2350; x_wconf 89' lang='lat' dir='ltr'><strong>de</strong></span> <span class='ocrx_word' id='word_1_412' title='bbox 673 2314 925 2350; x_wconf 88' lang='lat' dir='ltr'><strong>aemulatione</strong></span> <span class='ocrx_word' id='word_1_413' title='bbox 953 2326 983 2350; x_wconf 87' lang='grc'><strong>8.</strong></span> <span class='ocrx_word' id='word_1_414' title='bbox 1012 2314 1095 2350; x_wconf 91' lang='lat' dir='ltr'><strong>zelo</strong></span> <span class='ocrx_word' id='word_1_415' title='bbox 1115 2314 1340 2350; x_wconf 73' lang='lat' dir='ltr'><strong>feminarum</strong></span> <span class='ocrx_word' id='word_1_416' title='bbox 1369 2315 1512 2362; x_wconf 65' lang='lat' dir='ltr'><strong>agitas-3</strong></span> <span class='ocrx_word' id='word_1_417' title='bbox 1540 2315 1609 2351; x_wconf 91' lang='lat' dir='ltr'><strong>sed</strong></span> <span class='ocrx_word' id='word_1_418' title='bbox 1627 2314 1827 2350; x_wconf 91' lang='lat' dir='ltr'><strong>molestum</strong></span> <span class='ocrx_word' id='word_1_419' title='bbox 1851 2315 2058 2362; x_wconf 84' lang='lat' dir='ltr'><strong>significat,</strong></span> <span class='ocrx_word' id='word_1_420' title='bbox 2085 2326 2195 2362; x_wconf 87' lang='lat' dir='ltr'><strong>quum</strong></span> 
     </span>
     <span class='ocr_line' id='line_1_37' title="bbox 293 2370 2195 2423; baseline 0.001 -11"><span class='ocrx_word' id='word_1_421' title='bbox 293 2385 446 2420; x_wconf 84' lang='lat' dir='ltr'><strong>muscae</strong></span> <span class='ocrx_word' id='word_1_422' title='bbox 472 2370 615 2422; x_wconf 82' lang='grc' dir='ltr'><strong><em>ἀνιηραὶ</em></strong></span> <span class='ocrx_word' id='word_1_423' title='bbox 638 2374 764 2421; x_wconf 70' lang='grc' dir='ltr'><strong><em>θέρεος</em></strong></span> <span class='ocrx_word' id='word_1_424' title='bbox 789 2375 896 2422; x_wconf 78' lang='grc' dir='ltr'><strong><em>στίχες</em></strong></span> <span class='ocrx_word' id='word_1_425' title='bbox 923 2372 1099 2411; x_wconf 87' lang='lat' dir='ltr'><strong>dicuntur</strong></span> <span class='ocrx_word' id='word_1_426' title='bbox 1113 2372 1201 2410; x_wconf 78' lang='lat' dir='ltr'><strong>Hal.</strong></span> <span class='ocrx_word' id='word_1_427' title='bbox 1223 2372 1273 2420; x_wconf 89' lang='lat' dir='ltr'><strong>H,</strong></span> <span class='ocrx_word' id='word_1_428' title='bbox 1300 2372 1385 2411; x_wconf 88' lang='grc'><strong>448.</strong></span> <span class='ocrx_word' id='word_1_429' title='bbox 1436 2373 1551 2423; x_wconf 86' lang='lat' dir='ltr'><strong>Apud</strong></span> <span class='ocrx_word' id='word_1_430' title='bbox 1564 2373 1741 2419; x_wconf 84' lang='lat' dir='ltr'><strong>Quintum</strong></span> <span class='ocrx_word' id='word_1_431' title='bbox 1768 2374 1944 2423; x_wconf 86' lang='lat' dir='ltr'><strong>denique,</strong></span> <span class='ocrx_word' id='word_1_432' title='bbox 1970 2374 2033 2422; x_wconf 90' lang='lat' dir='ltr'><strong>qui</strong></span> <span class='ocrx_word' id='word_1_433' title='bbox 2052 2386 2195 2422; x_wconf 85' lang='lat' dir='ltr'><strong>vocem,</strong></span> 
     </span>
     <span class='ocr_line' id='line_1_38' title="bbox 292 2429 2194 2484; baseline -0.001 -11"><span class='ocrx_word' id='word_1_434' title='bbox 292 2446 485 2484; x_wconf 84' lang='lat' dir='ltr'><strong>persaepe</strong></span> <span class='ocrx_word' id='word_1_435' title='bbox 513 2445 561 2471; x_wconf 85' lang='lat' dir='ltr'><strong>ea</strong></span> <span class='ocrx_word' id='word_1_436' title='bbox 585 2445 694 2479; x_wconf 85' lang='grc'><strong>118118,</strong></span> <span class='ocrx_word' id='word_1_437' title='bbox 721 2433 836 2470; x_wconf 86' lang='lat' dir='ltr'><strong>rebus</strong></span> <span class='ocrx_word' id='word_1_438' title='bbox 862 2434 1077 2471; x_wconf 88' lang='lat' dir='ltr'><strong>inanimatis</strong></span> <span class='ocrx_word' id='word_1_439' title='bbox 1105 2434 1296 2481; x_wconf 86' lang='lat' dir='ltr'><strong>apposuit,</strong></span> <span class='ocrx_word' id='word_1_440' title='bbox 1336 2434 1598 2482; x_wconf 84' lang='lat' dir='ltr'><strong>vulgatissima</strong></span> <span class='ocrx_word' id='word_1_441' title='bbox 1635 2438 1696 2471; x_wconf 91' lang='lat' dir='ltr'><strong>est</strong></span> <span class='ocrx_word' id='word_1_442' title='bbox 1724 2433 1791 2471; x_wconf 89' lang='lat' dir='ltr'><strong>illa</strong></span> <span class='ocrx_word' id='word_1_443' title='bbox 1814 2433 2063 2483; x_wconf 78' lang='lat' dir='ltr'><strong>significatio:</strong></span> <span class='ocrx_word' id='word_1_444' title='bbox 2086 2429 2194 2484; x_wconf 71' lang='grc' dir='ltr'><strong><em>αἰχμὴ</em></strong></span> 
     </span>
     <span class='ocr_line' id='line_1_39' title="bbox 292 2489 2197 2545; baseline -0.001 -12"><span class='ocrx_word' id='word_1_445' title='bbox 292 2490 420 2545; x_wconf 78' lang='grc' dir='ltr'><strong><em>ἀνιηρή</em></strong></span> <span class='ocrx_word' id='word_1_446' title='bbox 439 2493 547 2541; x_wconf 92' lang='lat' dir='ltr'>VIII,</span> <span class='ocrx_word' id='word_1_447' title='bbox 575 2492 661 2537; x_wconf 86' lang='lat'><strong>308,</strong></span> <span class='ocrx_word' id='word_1_448' title='bbox 687 2492 738 2539; x_wconf 88' lang='lat' dir='ltr'><strong>X,</strong></span> <span class='ocrx_word' id='word_1_449' title='bbox 766 2492 848 2539; x_wconf 82' lang='lat'><strong>150,</strong></span> <span class='ocrx_word' id='word_1_450' title='bbox 873 2492 965 2542; x_wconf 71' lang='lat'><strong>2195</strong></span> <span class='ocrx_word' id='word_1_451' title='bbox 991 2491 1089 2542; x_wconf 67' lang='grc' dir='ltr'><strong><em>ἔγχος</em></strong></span> <span class='ocrx_word' id='word_1_452' title='bbox 1105 2490 1162 2531; x_wconf 77' lang='grc' dir='ltr'><strong>ἀν.</strong></span> <span class='ocrx_word' id='word_1_453' title='bbox 1183 2493 1250 2541; x_wconf 90' lang='lat' dir='ltr'><strong>VI,</strong></span> <span class='ocrx_word' id='word_1_454' title='bbox 1272 2493 1363 2543; x_wconf 79' lang='lat'><strong>5823</strong></span> <span class='ocrx_word' id='word_1_455' title='bbox 1389 2491 1445 2532; x_wconf 76' lang='grc' dir='ltr'><strong>ἄν.</strong></span> <span class='ocrx_word' id='word_1_456' title='bbox 1471 2494 1624 2544; x_wconf 69' lang='grc' dir='ltr'><strong><em>βελέεσσι</em></strong></span> <span class='ocrx_word' id='word_1_457' title='bbox 1650 2494 1736 2541; x_wconf 90' lang='lat' dir='ltr'><strong>VH,</strong></span> <span class='ocrx_word' id='word_1_458' title='bbox 1763 2493 1855 2542; x_wconf 77' lang='lat'>1453</span> <span class='ocrx_word' id='word_1_459' title='bbox 1882 2489 2104 2544; x_wconf 76' lang='grc' dir='ltr'><strong><em>ἀνιηρῇσι-</em></strong></span> <span class='ocrx_word' id='word_1_460' title='bbox 2119 2492 2197 2543; x_wconf 68' lang='grc' dir='ltr'><strong>περὶ</strong></span> 
     </span>
     <span class='ocr_line' id='line_1_40' title="bbox 293 2548 2195 2604; baseline -0.001 -12"><span class='ocrx_word' id='word_1_461' title='bbox 293 2557 418 2604; x_wconf 59' lang='grc' dir='ltr'><strong><em>πάτρης</em></strong></span> <span class='ocrx_word' id='word_1_462' title='bbox 444 2554 553 2599; x_wconf 88' lang='lat' dir='ltr'><strong>XIV,</strong></span> <span class='ocrx_word' id='word_1_463' title='bbox 577 2553 662 2591; x_wconf 88' lang='grc'><strong>626.</strong></span> <span class='ocrx_word' id='word_1_464' title='bbox 690 2573 742 2581; x_wconf 90' lang='grc'>-</span> <span class='ocrx_word' id='word_1_465' title='bbox 766 2548 869 2595; x_wconf 74' lang='grc' dir='ltr'><strong><em>’ἕλκος</em></strong></span> <span class='ocrx_word' id='word_1_466' title='bbox 895 2550 950 2589; x_wconf 76' lang='grc' dir='ltr'><strong>ἄν.</strong></span> <span class='ocrx_word' id='word_1_467' title='bbox 976 2554 1045 2595; x_wconf 88' lang='lat' dir='ltr'><strong>IV,</strong></span> <span class='ocrx_word' id='word_1_468' title='bbox 1064 2553 1155 2601; x_wconf 76' lang='lat'><strong>5943</strong></span> <span class='ocrx_word' id='word_1_469' title='bbox 1180 2551 1238 2590; x_wconf 78' lang='grc' dir='ltr'><strong>ἀν.</strong></span> <span class='ocrx_word' id='word_1_470' title='bbox 1265 2551 1413 2591; x_wconf 63' lang='grc' dir='ltr'><strong><em>ἐπέεσσιν</em></strong></span> <span class='ocrx_word' id='word_1_471' title='bbox 1438 2554 1509 2600; x_wconf 80' lang='grc' dir='ltr'><strong>ΠΙ,</strong></span> <span class='ocrx_word' id='word_1_472' title='bbox 1535 2553 1602 2601; x_wconf 81' lang='lat'><strong>97;</strong></span> <span class='ocrx_word' id='word_1_473' title='bbox 1626 2555 1797 2596; x_wconf 70' lang='grc' dir='ltr'><strong><em>κέλευθος</em></strong></span> <span class='ocrx_word' id='word_1_474' title='bbox 1822 2550 1880 2590; x_wconf 74' lang='grc' dir='ltr'><strong>ἀν.</strong></span> <span class='ocrx_word' id='word_1_475' title='bbox 1905 2552 1995 2598; x_wconf 86' lang='lat' dir='ltr'><strong>XII,</strong></span> <span class='ocrx_word' id='word_1_476' title='bbox 2021 2551 2097 2590; x_wconf 81' lang='lat'><strong>295</strong></span> <span class='ocrx_word' id='word_1_477' title='bbox 2122 2556 2195 2591; x_wconf 78' lang='lat' dir='ltr'><strong>ete.</strong></span> 
     </span>
    </p>

    <p class='ocr_par' dir='ltr' id='par_1_10' title="bbox 296 2619 2201 2733">
     <span class='ocr_line' id='line_1_41' title="bbox 470 2619 2200 2673; baseline 0.001 -15"><span class='ocrx_word' id='word_1_478' title='bbox 470 2623 506 2661; x_wconf 77' lang='grc'><strong>2.</strong></span> <span class='ocrx_word' id='word_1_479' title='bbox 532 2619 717 2673; x_wconf 78' lang='grc' dir='ltr'><strong><em>Ἀναιδής.</em></strong></span> <span class='ocrx_word' id='word_1_480' title='bbox 770 2620 936 2670; x_wconf 79' lang='lat' dir='ltr'><strong>Propria</strong></span> <span class='ocrx_word' id='word_1_481' title='bbox 961 2622 1137 2659; x_wconf 83' lang='lat' dir='ltr'><strong>vocabuli</strong></span> <span class='ocrx_word' id='word_1_482' title='bbox 1163 2622 1221 2660; x_wconf 83' lang='lat' dir='ltr'><strong>vis</strong></span> <span class='ocrx_word' id='word_1_483' title='bbox 1249 2627 1311 2660; x_wconf 88' lang='lat' dir='ltr'><strong>est</strong></span> <span class='ocrx_word' id='word_1_484' title='bbox 1333 2622 1589 2671; x_wconf 88' lang='lat' dir='ltr'><strong>impudens,</strong></span> <span class='ocrx_word' id='word_1_485' title='bbox 1616 2634 1714 2671; x_wconf 82' lang='lat' dir='ltr'><strong>quae</strong></span> <span class='ocrx_word' id='word_1_486' title='bbox 1740 2622 1780 2659; x_wconf 92' lang='lat' dir='ltr'><strong>in</strong></span> <span class='ocrx_word' id='word_1_487' title='bbox 1797 2633 1936 2670; x_wconf 87' lang='lat' dir='ltr'><strong>procos</strong></span> <span class='ocrx_word' id='word_1_488' title='bbox 1962 2622 2200 2670; x_wconf 72' lang='lat' dir='ltr'><strong>Penelopae,</strong></span> 
     </span>
     <span class='ocr_line' id='line_1_42' title="bbox 296 2678 2201 2733; baseline -0.001 -13"><span class='ocrx_word' id='word_1_489' title='bbox 296 2684 429 2730; x_wconf 90' lang='lat' dir='ltr'><strong>quibus</strong></span> <span class='ocrx_word' id='word_1_490' title='bbox 455 2683 646 2720; x_wconf 84' lang='lat' dir='ltr'><strong>Homerus</strong></span> <span class='ocrx_word' id='word_1_491' title='bbox 684 2682 756 2733; x_wconf 82' lang='lat' dir='ltr'><strong>hoc</strong></span> <span class='ocrx_word' id='word_1_492' title='bbox 792 2681 989 2728; x_wconf 76' lang='lat' dir='ltr'><strong>epitheton</strong></span> <span class='ocrx_word' id='word_1_493' title='bbox 1028 2681 1176 2727; x_wconf 78' lang='lat' dir='ltr'><strong>tribuit,</strong></span> <span class='ocrx_word' id='word_1_494' title='bbox 1216 2692 1399 2728; x_wconf 83' lang='lat' dir='ltr'><strong>perquam</strong></span> <span class='ocrx_word' id='word_1_495' title='bbox 1435 2683 1533 2719; x_wconf 84' lang='lat' dir='ltr'><strong>bene</strong></span> <span class='ocrx_word' id='word_1_496' title='bbox 1572 2681 1754 2729; x_wconf 76' lang='lat' dir='ltr'><strong>quadrat:</strong></span> <span class='ocrx_word' id='word_1_497' title='bbox 1793 2681 2002 2729; x_wconf 81' lang='grc' dir='ltr'><strong><em>μνηστῆρσιν</em></strong></span> <span class='ocrx_word' id='word_1_498' title='bbox 2040 2678 2201 2720; x_wconf 62' lang='grc' dir='ltr'><strong><em>ἀναιδέα</em></strong></span> 
     </span>
    </p>
   </div>
  </div>
 </body>
</html>
