2410 2929
1153 112 1199 150 18

402 228 434 266 7.
462 225 815 278 Πολόφλοισβος,
834 241 972 279 magno
992 231 1143 270 firemitu
1159 235 1350 280 strepens,
1369 231 1471 280 apud
1484 231 1692 270 Homerum
1707 237 1767 270 est
1783 232 2124 271 celebratissimum

229 289 336 325 unius
358 288 472 324 maris
493 288 706 336 epitheton:
730 290 1016 339 πολυφλοίσβοιο·
1026 288 1213 339 θαλάσσης
1237 292 1288 336 Α,
1314 290 1379 336 34,
1405 291 1454 336 Β,
1482 291 1573 337 209;
1595 291 1644 336 Ζ,
1671 291 1762 338 347,
1789 292 1819 337 I,
1848 290 1936 339 182;
1962 292 2005 336 N,
2033 290 2121 337 7983

229 347 283 393 Y,
307 346 372 394 59;
411 360 445 394 ν,
473 346 538 394 85;
581 359 775 396 peraeque
808 349 910 398 apud
936 349 1147 387 Hesiodum
1178 348 1249 398 Op.
1281 348 1354 386 648
1386 353 1425 386 et
1453 349 1643 399 Orpheum
1670 351 1763 399 Arg.
1796 350 1880 397 333,
1907 350 2005 388 Lith.
2037 349 2123 388 516.

223 406 387 444 Accedit
412 407 462 444 ad
488 408 585 445 hunc
611 419 728 452 usum,
745 407 952 456 Nicander,
978 420 1090 457 quum
1115 409 1340 457 Ohoaspem,
1367 409 1501 446 Indiae
1528 409 1674 454 flumen,
1707 410 1826 446 semel
1853 410 1924 447 hoc
1951 410 2122 459 epitheto

224 465 398 514 appellet
419 465 536 504 Ther.
564 465 657 514 890;
686 467 889 505 discedunt
912 469 961 505 ab
987 480 1033 506 eo
1053 469 1249 517 Oppianus
1277 474 1315 506 et
1333 467 1639 517 Tryphiodorus,
1668 480 1826 518 quorum
1852 469 1915 506 ille
1935 470 1984 506 ad
2009 470 2124 508 litora

224 521 381 573 (ἠϊόνας)
410 525 499 562 Hal.
526 526 595 571 ΙΙΙ,
620 524 706 572 454,
734 526 794 564 hic
822 528 871 563 ad
900 527 1038 564 bellum
1064 528 1329 564 tumultuosum
1356 539 1488 564 vocem
1513 527 1698 564 transfert
1724 541 1757 564 v.
1782 527 1866 565 560.

797 703 890 751 Cap.
918 704 986 740 VI.
1038 704 1102 741 De
1131 710 1287 742 terrae
1316 705 1553 753 epithetis.

407 782 438 819 1.
467 778 588 826 Χυτός
619 782 790 828 eandem,
818 794 928 829 quam
946 782 1102 819 latinum
1132 783 1278 829 fusus,
1307 784 1531 821 varietatem
1556 783 1771 821 intellectus
1795 783 2068 831 complectitur,
2086 788 2127 819 ut

227 842 329 877 infra
356 842 581 878 videbimus.
636 841 712 877 Sed
745 842 846 888 apud
876 842 1098 886 Homerum,
1125 843 1188 888 qui
1217 844 1291 879 nisi
1318 843 1366 879 de
1393 844 1534 880 tumulo
1557 840 1643 891 χυτὴ
1668 849 1768 891 γαῖα,
1795 848 1835 879 ut
1853 843 1935 890 jam
1961 843 2125 878 Aristar-

227 901 320 938 chus
349 901 498 937 notavit
522 901 576 948 (v.
606 900 740 938 Lehrs.
762 900 973 938 Aristarch.
1004 913 1039 949 p.
1070 900 1174 948 109),
1202 912 1277 938 non
1304 902 1397 939 dicit
1421 902 1469 948 Z,
1496 902 1581 948 464,
1608 900 1650 949 Ξ,
1682 902 1767 950 114;
1794 901 1843 948 Ψ,
1869 901 1960 948 256;
1986 916 2017 950 γ,
2041 901 2126 945 258,

226 960 488 997 tantummodo
526 960 708 1009 aggesti
747 961 939 998 notionem
977 959 1107 1007 habet;
1151 972 1343 1009 peraeque
1382 962 1483 1009 apud
1519 962 1763 1010 Apollonium
1796 957 1901 1010 χυτὴν
1937 959 1992 999 ἐπὶ
2023 967 2127 1010 γαῖαν

224 1019 348 1059 werce
377 1020 444 1065 IV,
469 1019 565 1057 1536
591 1025 630 1056 et
655 1020 756 1067 apud
782 1020 959 1064 Quintum
986 1016 1070 1068 χυτὴ
1097 1025 1181 1067 γαῖα
1205 1021 1235 1066 Ι,
1265 1020 1353 1068 109;
1395 1021 1465 1066 ΠΙ,
1492 1021 1578 1067 464,
1613 1021 1704 1069 573;
1732 1021 1820 1066 VII,
1846 1020 1935 1067 656,
1977 1033 2025 1058 ex
2051 1033 2126 1068 qno

227 1078 409 1124 efficitur,
437 1079 548 1116 etiam
576 1074 679 1126 χυτὸν
705 1079 802 1127 σῆμα
829 1079 880 1124 Χ,
908 1079 932 1116 6
957 1091 1032 1116 non
1058 1079 1151 1116 late
1180 1079 1389 1125 effusum,
1416 1080 1516 1126 quod
1543 1080 1623 1116 vult
1639 1079 1786 1116 Theod.
1813 1080 1971 1117 Fischer
1993 1080 2032 1116 in
2053 1080 2127 1116 dis-

226 1138 437 1174 sertatione
465 1138 512 1174 de
533 1137 653 1174 differ.
672 1141 745 1174 etc.
768 1150 805 1184 p.
835 1138 892 1183 12,
916 1138 984 1174 sed
1011 1143 1253 1185 aggestum
1278 1138 1457 1174 tumulum
1476 1138 1742 1185 explicandum
1761 1150 1863 1183 esse,
1890 1150 2001 1185 quum
2020 1149 2127 1185 prae-

226 1197 359 1233 sertim
386 1197 481 1245 σῆμα
505 1201 574 1243 χεῖν
597 1196 644 1232 de
664 1195 858 1234 fundendo
876 1196 1018 1233 tumulo
1042 1196 1314 1244 frequentetur.
1367 1198 1482 1235 Γαῖαν
1503 1218 1550 1223 -
1570 1193 1675 1245 χυτήν
1700 1197 1815 1234 etiam
1836 1197 2125 1244 Tryphiodorus

226 1268 262 1293 v.
289 1255 364 1293 349
404 1256 574 1301 exhibet,
597 1255 685 1302 sed,
716 1261 757 1292 ut
784 1257 986 1293 verborum
1014 1260 1214 1292 contextus
1255 1256 1385 1302 docet,
1413 1256 1489 1293 alio
1522 1256 1735 1303 intellectu,
1780 1256 1956 1304 quoniam
1987 1261 2129 1293 terram

226 1316 327 1353 infra
354 1316 473 1364 pedes
509 1315 620 1352 sitam
654 1320 693 1352 et
720 1316 827 1363 quasi
855 1315 1011 1352 effusam
1039 1315 1240 1364 significat.
1292 1316 1406 1364 Apud
1435 1315 1668 1353 Nicandrum
1710 1320 1749 1352 et
1775 1316 1988 1364 Oppianum
2015 1315 2127 1353 modo

226 1375 410 1422 liquidi
436 1375 547 1410 modo
570 1374 662 1410 late
690 1374 780 1410 fusi
809 1374 1125 1421 significationem
1152 1375 1348 1422 epitheton
1378 1372 1481 1422 χυτός
1507 1376 1644 1421 induit,
1683 1376 1779 1412 hanc
1804 1375 1887 1411 Nic.
1913 1375 2023 1411 Alex.
2057 1374 2129 1410 116

226 1435 312 1486 χυτῇ
342 1455 386 1460 -
413 1437 515 1483 πίσσῃ
548 1438 587 1470 et
613 1433 778 1482 Oppian.
805 1433 895 1470 Hal.
924 1433 954 1479 Ι,
981 1433 1055 1471 413
1089 1429 1194 1482 χυτὸν
1234 1427 1350 1482 ὕδωρ,
1384 1435 1444 1470 cui
1485 1434 1756 1471 conferendum
1799 1438 1859 1471 est
1890 1429 1999 1482 υγρόν
2030 1426 2129 1481 υδωρ

227 1494 384 1544 (Odyss.
412 1493 445 1541 δ,
472 1492 581 1541 458);
607 1515 657 1520 —
679 1493 782 1529 illam
808 1493 892 1529 Nic.
920 1493 1034 1530 Ther.
1056 1492 1127 1529 391
1157 1491 1340 1541 μαράθοιο
1364 1489 1469 1542 χυτὸν
1501 1493 1619 1542 ἔρνος,
1651 1493 1736 1530 fusa
1759 1493 1941 1542 virgulta;
1982 1494 2032 1530 ib.
2056 1492 2131 1531 503

228 1550 316 1602 χυτὴ
343 1556 465 1602 χαίτη,
490 1553 592 1600 quod
619 1564 690 1600 par
717 1564 802 1589 esse
830 1554 981 1589 videtur
1008 1553 1213 1589 Homerico
1241 1550 1379 1602 θαλερὴ
1405 1556 1506 1602 χαίτη
1530 1553 1574 1599 Ρ,
1601 1553 1691 1601 439,
1717 1574 1766 1579 -
1793 1553 1906 1589 Ther.
1934 1552 2007 1589 546
2026 1554 2131 1601 χυτῆς

227 1608 327 1660 παρὰ
351 1612 473 1649 τέλσον
508 1609 647 1660 άλωῆς;
690 1612 834 1659 Cyneg.
862 1613 931 1657 IV,
956 1613 1023 1648 111
1052 1609 1141 1659 ἀμφὶ
1167 1608 1271 1661 χυτὴν
1299 1609 1450 1661 Λιβύην,
1479 1612 1660 1650 fortasse:
1694 1623 1933 1649 arenosam
1960 1612 2130 1659 Libyam.

409 1710 443 1747 2.
468 1708 703 1760 Ἠλὶβατος
729 1711 831 1758 apud
858 1710 1066 1747 Homerum
1106 1712 1167 1747 uni
1196 1711 1436 1748 substantivo
1467 1714 1575 1760 πέτρη
1605 1711 1805 1748 adhaeret:
1846 1710 1893 1757 Ο,
1928 1709 2013 1756 273,
2039 1709 2128 1757 619;

227 1770 278 1815 Π,
306 1770 370 1815 35;
399 1784 425 1815 ι,
454 1769 543 1816 243;
574 1784 611 1815 κ,
640 1769 704 1815 88;
735 1783 769 1814 ν,
791 1769 881 1816 196,
900 1775 1013 1816 atque
1031 1770 1223 1807 excelsum
1241 1770 1448 1818 significat;
1468 1770 1613 1818 pariter
1633 1770 1755 1818 hymn.
1779 1770 1890 1806 Hom.
1910 1770 1948 1806 in
1967 1770 2131 1806 Mercur.

227 1828 320 1876 4043
354 1829 452 1876 hym.
482 1829 594 1865 Hom.
630 1829 688 1873 18,
721 1827 783 1874 103
818 1828 910 1865 Hes.
944 1829 1090 1877 Theog.
1124 1829 1212 1874 786;
1254 1829 1355 1866 Scut.
1389 1828 1479 1875 422;
1523 1829 1639 1876 Orph.
1668 1831 1759 1877 Arg.
1796 1829 1879 1874 264,
1907 1828 1991 1874 708,
2020 1828 2132 1873 1206;

229 1885 356 1933 Quint.
386 1889 435 1934 V,
459 1887 544 1925 243.
596 1888 693 1926 Aliis
721 1888 950 1935 nominibus,
980 1889 1049 1926 sed
1077 1889 1228 1935 eodem,
1257 1900 1332 1937 quo
1358 1888 1458 1937 apud
1477 1887 1699 1935 Homerum,
1724 1888 1940 1938 significatu
1959 1887 2133 1937 junctum

232 1951 291 1984 est
317 1947 411 1984 Hes.
436 1947 582 1996 Theog.
604 1948 678 1985 483
703 1944 817 1996 ἄντρῳ
842 1946 876 1985 ἐν
902 1945 1078 1997 ἠλιβάτῳ,
1103 1949 1142 1984 in
1170 1949 1323 1985 excelso
1350 1951 1477 1994 antro;
1505 1948 1552 1984 de
1579 1949 1767 1985 montibus
1796 1959 1998 1994 eorumque
2027 1959 2132 1984 cacu-

232 2006 409 2043 minibus:
436 2007 563 2055 Apoll.
589 2007 712 2045 Rhod.
738 2008 768 2053 I,
798 2006 887 2055 7393
924 2007 974 2053 11,
1010 2007 1098 2055 169;
1127 2008 1196 2054 IV,
1225 2007 1313 2055 144;
1354 2007 1480 2052 Quint.
1504 2007 1554 2054 Π,
1583 2007 1675 2055 183;
1710 2009 1760 2054 Π,
1788 2007 1872 2055 283,
1899 2006 1991 2055 379;
2025 2007 2133 2051 VIII,

231 2065 293 2111 65,
323 2066 411 2112 1983
438 2066 546 2112 XIV,
571 2065 655 2103 490.
709 2066 833 2115 Apoll.
860 2067 910 2112 ΙΙ,
938 2066 1007 2103 361
1036 2064 1131 2115 ἠλιβ.
1159 2063 1271 2115 ἄκρη,
1297 2068 1346 2103 ib.
1374 2066 1446 2102 729
1472 2064 1673 2115 κρήμνοισιν
1698 2064 1932 2116 ἠλιβάτοισιν;
1958 2067 2009 2103 ib.
2038 2067 2133 2103 1248

230 2122 324 2174 ἠλιβ.
346 2146 396 2152 -
420 2122 535 2173 ὀρέων
571 2124 718 2172 ἐρίπναι.
769 2125 853 2163 Nic.
877 2126 1011 2174 fragm.
1040 2126 1189 2172 XXVI,
1213 2125 1239 2162 4
1262 2121 1436 2174 ἠλιβάτου
1458 2123 1586 2174 ἀκτῆς;
1626 2126 1742 2174 Orph.
1783 2127 1877 2174 Arg.
1895 2125 1918 2162 2
1956 2123 2134 2175 ἠλιβάτου

230 2185 395 2233 κορυφῆς
418 2187 555 2232 πέτρην.
608 2185 731 2229 Quint.
757 2186 806 2231 X,
833 2185 906 2222 200
931 2181 1130 2222 Καυκάσου
1155 2182 1249 2233 ἠλιβ.
1277 2206 1326 2211 —-
1351 2185 1402 2221 ib.
1429 2185 1458 2231 I,
1493 2184 1576 2222 696.
1604 2182 1695 2233 ἠλιβ.
1730 2187 1885 2234 σκοπιῆς.
1941 2186 2037 2222 Mus.
2061 2185 2135 2221 210

229 2242 323 2294 ἠλιβ.
351 2241 487 2292 dmm
515 2244 562 2281 cf.
592 2243 677 2290 256,
705 2243 795 2293 339;
836 2242 895 2281 ἀπ’
931 2240 1076 2292 αἰθέρος
1111 2241 1205 2292 ἠλιβ.
1246 2243 1369 2289 Quint.
1394 2244 1444 2290 II,
1476 2243 1561 2280 603.
1590 2264 1636 2270 —-
1670 2240 1764 2281 κατὰ
1788 2248 1919 2292 τείχεος
1945 2240 2134 2293 ἠλιβάτοιο

231 2304 320 2339 V11.
346 2304 433 2340 499.
487 2304 559 2340 His
583 2305 700 2350 igitur
726 2305 820 2340 locis
848 2305 1019 2340 omnibus
1047 2304 1225 2340 excelsi
1252 2306 1355 2340 notio
1390 2305 1475 2340 voci
1497 2302 1670 2352 ἠλίβατος
1693 2305 1868 2351 subjecta
1900 2310 1974 2349 est,
2001 2305 2069 2341 sed
2095 2306 2133 2341 in

231 2363 455 2412 perlongi
496 2363 557 2400 vel
598 2363 731 2399 vasti'
759 2364 947 2401 notionem
979 2364 1144 2400 transire
1178 2362 1327 2400 videtur
1367 2363 1471 2400 hisce
1505 2363 1668 2400 duobus:
1696 2363 1822 2408 Quint.
1848 2363 1936 2406 VH,
1968 2362 2042 2401 450
2073 2364 2134 2401 καὶ

229 2419 403 2471 ἠλίβατόν
428 2435 493 2470 κιρ
519 2420 646 2459 ἐοῦσαν
672 2419 817 2471 ῥηϊδίως
840 2420 994 2471 ἀνάειρεν
1021 2423 1103 2460 scil.
1130 2420 1304 2471 Πηλιάδα
1329 2422 1494 2471 (hastam
1512 2422 1706 2470 Achillis),
1733 2423 1833 2470 quod
1851 2422 2022 2470 Koechly
2048 2434 2133 2459 con-

223 2482 340 2529 jecit;
367 2487 445 2519 tum
472 2482 637 2529 Oppian.
665 2481 754 2518 Hal.
781 2483 827 2527 V,
857 2482 906 2519 66
931 2484 1085 2529 μέλεσσιν
1102 2478 1287 2530 ἠλιβάτοις
1313 2483 1359 2518 de
1387 2482 1507 2519 vastis
1525 2482 1720 2518 beluarum
1746 2482 1975 2518 marinarum
2001 2494 2134 2530 corpo·

231 2541 351 2578 ribus.
405 2541 468 2578 Ad
505 2540 674 2578 ultimum
701 2541 750 2578 ab
775 2540 949 2590 Oppiano
975 2541 1092 2579 semel
1117 2545 1157 2578 et
1182 2552 1204 2577 a
1231 2540 1369 2578 Nonno
1395 2552 1672 2589 nonnumquam
1712 2541 1784 2579 hoc
1812 2540 2006 2588 epitheton
2033 2553 2086 2590 pr
2096 2552 2133 2578 o-

233 2600 365 2637 fundi
391 2612 506 2638 sensu
521 2600 568 2638 de
596 2612 695 2648 aqua
714 2600 878 2648 positum
905 2604 976 2638 est:
1004 2601 1167 2649 Oppian.
1188 2600 1276 2637 Hal.
1295 2601 1364 2647 ΙΠ,
1394 2600 1461 2637 171
1481 2597 1636 2650 ἠλίβατα
1653 2597 1805 2648 azanim
1832 2599 1955 2637 Nonn.
1982 2600 2012 2646 Ι,
2040 2599 2131 2637 285·.

231 2659 297 2703 lII,
325 2659 410 2705 205,
438 2659 523 2696 aliis
550 2660 658 2705 locis,
687 2670 782 2707 quos
809 2659 955 2696 Theod.
982 2660 1140 2696 Fischer
1164 2659 1322 2708 collegit
1347 2672 1382 2708 p.
1407 2660 1442 2696 6.
