2410 2929
1186 118 1233 156 u

260 240 437 276 uidentur:
456 236 650 283 Panyasis
673 236 814 285 fragm
842 237 887 273 1-7
903 236 1042 287 Σίρρῳ.
1061 235 1124 275 δι’.
1139 234 1318 287 ἀργυρέῳ
1331 239 1356 274 i.
1382 249 1416 275 e.
1446 237 1588 285 Lyciae
1614 238 1762 285 fluvi03
1777 238 1977 287 Oppianus
1995 238 2026 282 1·
2052 237 2117 275 23
2124 242 2165 275 et

258 297 433 345 Orpheus
459 297 607 344 Argon.
632 293 1407 347 ΜὼπφίωΑὒηύτψᾱοψῆω-
2145 320 2160 327 2·

263 392 265 394 -
433 365 469 403 2.
493 362 747 410 Δαιδόλιός
800 366 910 404 Hoc
908 367 1070 404 nomine
1102 368 1157 404 ab
1174 367 1345 404 Homero
1377 366 1451 404 nisi
1487 377 1551 403 res
1577 366 1740 403 artificio
1767 367 1912 417 factae
1931 371 2006 405 non
2034 367 2163 416 appel-

256 426 402 462 lantur:
435 425 534 463 beu
560 424 605 470 Z,
629 424 727 474 4185
750 423 875 477 θόρηξ
900 426 945 474 Θ,
973 426 1061 474 12953
1086 423 1386 476 σάκος·Τ,’380;
1411 426 1463 471 Χ,
1493 425 1584 473 3143
1611 422 1750 475 ζωστήρ
1776 425 1814 471 Δ,
1843 425 1932 474 135;
1957 423 2106 476 φόρμιγξ
2131 427 2162 475 1,

258 484 349 533 187;
375 478 589 532 ὅρματαῬ,
614 484 709 535 448;
735 482 870 534 θρόνος
894 486 946 530 Σ,
973 486 1064 532 390;
1089 500 1124 530 κ,
1148 485 1233 532 315,
1266 484 1338 523 367
1365 488 1440 522 etc.
1491 485 1645 522 Pariter
1671 485 1720 522 ab
1733 484 1909 535 Hesiodo
1929 484 2038 529 δάκος
2061 485 2164 524 Scut.

256 542 343 587 334,
367 543 461 592 46ος
486 546 592 593 κωὲη
615 544 670 582 ib.
698 545 788 594 13⁸&
803 542 1000 595 -καλόωτρη
1025 546 1173 594 Theog.
1202 544 1292 593 575;
1318 546 1367 582 ab
1393 545 1489 582 Asio
1517 544 1652 592 fragm.
1685 543 1756 589 XI,
1782 543 1807 580 6
1831 543 2010 591 χλιδῶνες
2035 546 2162 593 Apoll.

256 602 383 640 Rhod.
420 602 582 642 αἴθοὺσα
602 603 675 648 ΙΠ,
713 604 806 654 237;
844 601 1005 655 monn
1028 605 1078 643 ib.
1107 604 1220 653 11543
1247 616 1271 641 a
1295 603 1434 649 Quinto
1474 599 1615 652 ζωστήρ
1641 603 1709 648 VI,
1735 602 1820 648 243,
1860 600 1982 653 τεύχεα
2006 618 2037 653 χ,
2074 603 2163 653 18ος

256 663 414 700 Musaeo
446 659 548 711 χιτών
577 663 665 707 338,-
691 665 962 713 Tryphiodoro
996 662 1169 715 ἀνάθημα
1200 664 1286 702 303.
1336 667 1389 701 At
1415 668 1549 701 contra
1574 663 1677 712 apud
1698 663 2017 712 Oynegeticorum
2043 665 2162 712 scrip-

255 727 379 761 torem
417 735 494 762 vox
535 724 669 771 varii,
702 725 910 763 maculati
946 725 1144 763 notionem
1182 725 1319 762 induit:
1346 725 1416 772 III,
1443 724 1492 762 74
1522 719 1618 775 ῥινὸς
1643 719 1835 768 δαιδάλεος
1861 723 1941 762 scil.
1976 724 2159 774 pardalis.

255 782 439 831 Idemque
465 786 640 826 δαίδαλος
664 787 750 831 pari
775 785 973 821 intellectu
995 787 1210 832 usurpavit:
1238 787 1270 829 I,
1294 784 1368 822 355
1397 785 1556 821 δαίδαλα
1582 781 1725 831 εἵματα.
1778 785 1888 828 Quod
1916 784 2162 821 memorabile

257 847 321 881 est
342 848 568 893 propterea,
595 844 696 893 quod
721 843 822 893 apud
850 843 1058 882 Homerum
1086 848 1126 882 et
1152 843 1362 883 Hesiodum
1388 844 1648 882 tantummodo
1674 847 1846 882 neutrum
1871 843 2031 893 legitur,
2057 842 2162 881 n'ullo

258 904 437 950 apposito
465 905 716 948 substantivo,
744 908 785 939 ut
811 904 1040 939 substantivi
1064 905 1186 939 vicem
1213 916 1350 951 gerere
1375 905 1550 940 videatur
1576 917 1613 940 v.
1639 906 1690 949 E,
1714 904 1778 951 60;
1806 902 1852 949 Ξ,
1880 903 1967 950 179,
1995 903 2044 945 Σ,
2075 902 2162 946 400,

254 961 347 1009 482;
373 959 424 1008 T,
455 962 512 1006 13,
547 962 608 1000 19:
644 963 818 1010 inprimis
840 977 876 1007 τ,
903 962 976 998 227
1004 959 1160 1010 πάροιθε
1185 964 1224 1000 δὲ
1250 962 1424 1001 δαίδαλον
1450 955 1511 1013 ἦεν
1540 962 1634 1000 Hes.
1663 963 1810 1011 Theog.
1843 962 1927 1000 581.

431 1031 466 1068 3.
494 1032 720 1076 Ποικίλος.
775 1032 966 1069 Homerus
999 1044 1061 1069 res
1089 1032 1196 1068 varia
1229 1036 1311 1069 arte
1340 1025 1476 1078 factas,
1504 1032 1565 1069 vel
1592 1031 1723 1080 figuris
1751 1036 1790 1069 et
1820 1032 2012 1069 coloribus
2034 1020 2162 1068 varias

254 1092 574 1133 milae-dicere
610 1092 723 1128 solet:
750 1090 873 1138 τεύχεα
898 1093 945 1135 Γ,
973 1092 1061 1136 327;
1088 1093 1130 1136 Δ,
1155 1091 1247 1137 432;
1272 1092 1321 1135 Ζ,
1357 1092 1447 1137 504,
1472 1091 1521 1136 Μ,
1555 1090 1649 1137 3965
1676 1089 1720 1136 Ξ,
1759 1092 1851 1134 42ος
1891 1091 1988 1127 ἔντεα
2015 1092 2066 1136 K,
2096 1090 2162 1137 753

255 1146 365 1194 σάκος
388 1150 434 1193 K,
463 1149 551 1200 1493
576 1146 730 1200 θώρηκα
747 1150 798 1195 11,
819 1149 905 1192 134:
924 1144 1070 1197 ἅρματα
1087 1150 1130 1197 Δ,
1157 1150 1245 1198 226;
1272 1151 1321 1197 Ε,
1348 1150 1506 1199 239;K‚
1534 1149 1625 1197 3223
1651 1150 1701 1192 N.
1728 1147 1877 1197 537;Ξ,
1903 1150 2043 1199 43137,
2069 1148 2163 1198 4925

255 1222 287 1254 ο,
316 1209 400 1253 145,
429 1210 519 1257 190;
544 1207 663 1257 θρόνα
688 1211 739 1253 Χ,
778 1210 871 1252 441,
902 1207 1048 1257 κλισμόν
1075 1224 1110 1255 α,
1137 1210 1224 1253 1323
1250 1212 1381 1247 πέπλον
1412 1211 1455 1255 Ε,
1482 1209 1571 1256 735;
1598 1210 1649 1252 Θ,
1682 1210 1774 1257 386;
1800 1223 1820 1246 ο
1849 1210 1939 1257 293;
1966 1206 2095 1257 ἱμάντα
2121 1206 2160 1252 Ξ,

254 1268 339 1315 215,
356 1268 448 1316 220;
465 1265 593 1317 δεσμόν
620 1276 659 1313 θ,
682 1269 774 1316 448;
798 1274 1003 1317 praeterea
1028 1270 1191 1313 bestias,
1224 1281 1382 1317 quarum
1399 1269 1513 1318 pellis
1531 1270 1650 1306 variis
1675 1270 1832 1307 maculis
1853 1281 2064 1318 conspersa
2085 1273 2161 1315 est,

254 1334 294 1367 ut
309 1328 497 1378 παρδαλὲη
513 1330 561 1374 Κ,
575 1330 626 1367 30
643 1334 681 1367 et
698 1326 801 1368 ἐλλόν
817 1330 1010 1366 hinnulum
1026 1345 1059 1374 τ,
1077 1330 1163 1367 228.
1200 1330 1457 1367 Callimachus
1475 1331 1515 1366 in
1532 1331 1658 1378 Apoll.
1676 1330 1736 1367 82.
1754 1335 1793 1367 et
1809 1331 1937 1378 Apoll.
1955 1330 2078 1366 Rhod.
2092 1330 2162 1375 IV,

256 1389 354 1425 1144
378 1390 508 1425 varios
526 1390 641 1426 flores
659 1391 808 1427 ποικίλα
827 1387 941 1428 ἄνθεα
957 1394 1187 1437 nuncupant.
1231 1392 1283 1425 At
1308 1390 1373 1426 ille
1401 1401 1501 1435 usus,
1530 1402 1603 1436 quo
1630 1390 1731 1437 apud
1757 1391 2002 1436 insequentes
2028 1390 2160 1437 epicos

254 1449 415 1491 ποικίλος
439 1449 541 1486 idem
568 1453 644 1495 est,
672 1449 774 1496 quod
790 1445 1051 1497 ποικιλόμητις,
1077 1450 1126 1485 ab
1146 1449 1315 1486 Homero
1336 1450 1529 1496 sejunctus
1547 1453 1624 1496 est;
1643 1449 1836 1486 Hesiodus
1860 1450 1975 1485 enim:
2003 1450 2163 1486 ποικίλον

256 1508 465 1557 Προμηθέα
491 1508 517 1546 i.
545 1521 579 1545 e.
606 1514 839 1546 versutum
867 1508 1013 1556 Theog.
1039 1507 1125 1555 511,
1152 1512 1191 1545 et
1217 1508 1433 1557 Oppianust
1458 1509 1620 1546 ποικίλον
1646 1505 1766 1557 νόημα
1794 1508 1879 1545 Hal.
1904 1509 1973 1563 ΙΙΙ,
2003 1508 2086 1546 173.

429 1578 466 1613 4.
494 1575 688 1624 Μορόεις.
741 1579 895 1614 Incerta
917 1582 977 1613 est
1004 1579 1108 1613 vocis
1141 1578 1330 1614 derivatio
1358 1590 1403 1614 ac
1434 1578 1675 1625 significatio,
1716 1578 1763 1613 de
1793 1578 1928 1624 quibus
1952 1578 2035 1624 jam
2061 1582 2161 1614 vete-

257 1636 363 1673 ribus
386 1637 479 1673 nihil
507 1638 722 1674 constabat.
776 1637 996 1674 Eustathius
1014 1637 1173 1673 Homeri
1192 1634 1368 1685 μορόεντα
1391 1634 1528 1685 ἕρματα
1551 1636 1733 1685 explicat:
1757 1631 1801 1674 τὰ
1819 1634 2078 1686 ἐκπεπονημένα
2102 1638 2165 1674 καὶ

256 1699 537 1744 μομεριμνημὲνα
575 1698 619 1747 τῇ
652 1698 855 1746 κατασκευῇ
893 1697 955 1733 καὶ
978 1700 1088 1746 τέχνῃ,
1141 1697 1210 1732 Cui
1242 1698 1410 1734 concinit
1434 1697 1667 1744 Hesychius:
1696 1692 1781 1743 μετὰ
1819 1698 1957 1733 πολλοῦ
1999 1693 2164 1744 καμάτου

253 1758 481 1804 πεποιημένα.
534 1758 585 1791 At
604 1757 783 1793 dissentit
797 1756 1025 1804 Apollonius
1045 1757 1082 1791 in
1102 1756 1175 1792 lex.
1192 1755 1360 1802 Homer.,
1389 1768 1498 1803 quum
1520 1756 1812 1804 interpretetur:
1840 1752 2023 1802 ἀθάνατα,
2051 1752 2165 1803 μόρου

253 1810 302 1864 μὴ
329 1818 530 1864 μετέχοντα.
581 1816 850 1854 Recentiorum
883 1816 1035 1863 quidam
1067 1827 1090 1851 a
1116 1813 1238 1862 μόρον,
1274 1827 1433 1860 morum,
1467 1816 1623 1861 ducunt,
1653 1820 1693 1852 ut
1721 1819 1845 1852 notet:
1873 1816 1969 1852 mori
1996 1816 2163 1853 colorem

252 1875 428 1912 referens
454 1875 830 1924 (maulbeerfarbig);
857 1876 921 1911 alii
949 1878 1118 1911 vertunt:
1147 1875 1291 1911 albenti
1310 1874 1527 1923 splendore.
1580 1875 1638 1911 Ex
1666 1875 1813 1912 duobus
1834 1875 2049 1912 Homericis
2066 1875 2163 1912 locis

254 1931 298 1977 Ξ,
327 1935 399 1971 183
417 1940 456 1971 et
481 1948 520 1980 σ,
540 1935 625 1980 298,
650 1936 714 1971 ubi
730 1936 884 1972 inaures
902 1932 1072 1981 (ἕρματα)
1091 1933 1266 1980 μορόεντα
1282 1939 1484 1979 vocantur,
1516 1934 1609 1969 nihil
1628 1935 1724 1970 certi
1741 1935 1828 1971 elici
1845 1939 1984 1981 potest.
2037 1936 2163 1970 Etiam

252 1994 491 2042 posteriores
513 1997 652 2042 poetae
676 2005 765 2032 raro
798 1994 975 2031 videntur
1008 1993 1079 2031 hoc
1115 1993 1284 2042 epitheto
1310 1994 1367 2031 usi
1395 2004 1494 2031 esse.
1545 1992 1741 2031 Nicander
1768 1994 1861 2031 dicit
1890 1991 2018 2041 μορόεν
2054 1989 2163 2032 ποτόν

255 2052 366 2089 Alex.
400 2053 480 2098 130,
508 2054 590 2099 137,
609 2055 709 2100 quod
735 2054 880 2090 scholia
903 2054 1009 2089 varie
1028 2054 1346 2099 interpretantur:
1375 2048 1399 2101 ἢ
1423 2054 1662 2100 πολυέψητον,
1690 2048 1716 2100 ἢ
1738 2053 1910 2100 μορίδιον,
1937 2050 1979 2090 τὸ
2005 2050 2163 2101 ἁρμόζον

254 2109 462 2161 «praesa,
486 2117 627 2150 -tum
653 2109 843 2162 μορόεντος
869 2111 990 2163 ἐλαίης·
1016 2112 1125 2149 Alex.
1150 2110 1240 2160 4553
1263 2113 1426 2161 denique
1444 2107 1585 2160 μορόεις
1603 2112 1732 2161 φρῦνος
1758 2112 1809 2149 ib.
1836 2110 1921 2160 582,
1950 2113 2051 2162 quod
2076 2117 2164 2150 sunt

255 2174 320 2220 qui
346 2173 599 2211 transferant:
625 2173 754 2209 fatalis
781 2174 928 2209 rubeta.
981 2173 1124 2216 Quibus
1157 2173 1252 2208 locis
1288 2172 1474 2208 vocabulo
1507 2173 1556 2208 ad
1583 2172 1912 2219 interpretandum
1938 2172 2162 2208 difficillimo

254 2232 387 2270 nescio
414 2244 463 2269 an
484 2236 610 2270 certus
627 2232 733 2270 color
757 2232 820 2270 vel
837 2232 1021 2281 splendor
1038 2231 1272 2280 designetur.
1324 2231 1438 2280 Apud
1456 2231 1634 2276 Quintum
1651 2236 1777 2269 autem
1794 2231 1991 2280 epitheton
2009 2227 2160 2280 μορόεις,

256 2301 368 2341 quum
395 2292 559 2328 letalis
591 2292 783 2328 notionem
818 2293 974 2335 habeat,
1018 2292 1067 2327 ad
1099 2288 1226 2339 μόρος,
1255 2303 1367 2335 mors,
1395 2296 1614 2328 revocatum
1646 2304 1732 2328 esse
1761 2296 1939 2340 arguunt:
1968 2287 2156 2338 μορόεντος

253 2349 343 2390 ὑπὲκ
369 2354 484 2389 κακοῦ
512 2347 687 2388 ἷαίνονται
713 2352 736 2386 i.
765 2363 796 2387 e.
824 2351 930 2387 letali
951 2364 998 2388 ex
1016 2352 1148 2387 morbo
1173 2351 1243 2391 IV.
1272 2350 1355 2396 102,
1375 2355 1414 2387 et
1429 2347 1605 2398 μορόεντα
1622 2350 1738 2400 τεύχη,
1756 2352 1888 2387 letalia
1908 2362 2013 2386 arma
2030 2351 2059 2395 Ι,
2079 2349 2160 2387 152.

786 2479 880 2526 Cap.
909 2480 977 2515 Ill.
1031 2480 1092 2515 De
1127 2491 1347 2516 armorum
1379 2480 1617 2527 epithetis.

435 2561 467 2596 1.
491 2556 804 2609 Ἀμφίβροτος,
823 2560 951 2595 virum
985 2564 1214 2608 protegens.
1258 2559 1346 2596 Hoc
1381 2559 1552 2607 epitheto
1588 2560 1636 2595 ab
1673 2558 1855 2595 Homero
1883 2570 1975 2595 unus
2017 2558 2162 2607 clipeus

256 2620 484 2668 insignit-s
478 2623 565 2657 est:
593 2620 642 2666 Β,
682 2618 775 2666 389;
803 2619 865 2665 A,
874 2618 961 2667 332
986 2619 1041 2663 Μ,
1083 2618 1174 2667 402;
1195 2619 1251 2665 Τ,
1279 2618 1365 2656 281.
1416 2618 1688 2667 Empedoclem
1727 2621 1853 2655 autem
1891 2614 1932 2655 τὸ
1956 2613 2018 2669 τὴν
2042 2614 2162 2668 ψυχὴν

256 2683 492 2728 περικείμενον
519 2675 877 2728 σῶμαάμφὶβρότην
894 2675 1010 2726 χθόνα
1037 2679 1180 2715 dixisse
1202 2679 1314 2716 testis
1337 2682 1398 2715 est
1412 2676 1642 2715 Plutarchus
1669 2677 1797 2725 Symp.
1815 2679 1863 2724 V,
1890 2690 1925 2725 p.
1944 2677 2029 2715 300.
2081 2671 2172 2715 Neo'·
