2410 2929
0 0 278 209 V
1197 104 1222 141 2

256 225 509 264 nominativus
547 219 797 272 ἀγκυλομήνης
832 224 980 271 positus
1014 228 1090 269 est,
1123 225 1163 260 in
1188 224 1260 260 hac
1302 223 1504 259 verborum
1543 220 1788 258 conclusione
1819 221 1978 268 legitur:
2013 218 2160 268 Κρόνον

259 289 344 328 «ατς
367 277 627 332 ἀγκυλομῆηω
652 280 695 324 Β,
725 280 814 327 205,
838 281 926 328 319,
952 282 983 327 Ι,
1015 280 1076 331 37,
1103 282 1152 328 Μ,
1177 280 1266 327 450,
1295 281 1342 327 Σ,
1367 279 1452 325 293,
1480 294 1524 327 φ,
1550 277 1635 317 415.
1687 278 1807 325 Quem
1833 291 1939 318 usum
1964 279 2159 318 Hesiodus

256 344 478 393 plerumque
505 341 694 379 servavit:
723 340 872 390 Theog.
900 341 961 387 19,
986 342 1069 389 137,
1096 342 1178 389 168,
1202 341 1289 389 493,
1315 341 1404 389 495,
1430 342 1488 378 bis
1519 344 1646 377 tamen
1664 339 1779 376 etiam
1795 339 2061 377 Prometheum
2087 339 2159 377 hoc

256 402 427 452 epitheto
458 400 673 450 insignivit:
701 400 850 450 Theog.
874 400 949 440 546
974 406 1014 440 et
1039 402 1112 452 Op.
1138 402 1199 441 48.
1253 402 1452 450 Oppianus
1485 399 1648 447 denique
1686 399 1799 437 etiam
1834 399 1985 448 vulpem
2010 395 2159 448 (κιρδώ)

256 461 428 511 appellat
461 456 704 510 ἄγκυλόμησιν
736 460 903 499 Halieut.
931 462 980 508 11,
1010 461 1098 508 107;
1139 462 1262 499 forma
1294 465 1420 499 autem
1451 461 1490 498 in
1516 481 1566 487 —
1591 471 1621 502 ις
1651 459 1855 496 terminata
1887 459 1989 496 facta
2017 462 2077 496 est
2108 459 2158 495 ad

255 521 467 570 exemplum
493 520 690 557 Homerici
716 517 924 570 δολόμητις,
951 521 1052 569 quod
1078 525 1235 569 praeter
1260 517 1461 572 δολομὴτης
1484 521 1535 558 in'
1548 531 1617 557 usu
1643 522 1713 556 est.

431 590 466 627 2.
488 588 728 638 ’Βρίγδοωος
751 594 791 627 et
813 589 999 637 ἐρίδουκος
1024 591 1157 638 procul
1184 591 1300 627 dubio
1326 591 1427 627 idem
1453 595 1542 627 sunt
1563 600 1767 635 eorumque
1794 600 1882 624 usus
1899 587 2158 624 tantummodo

255 662 303 688 ex
328 649 440 687 metri
466 648 700 686 necessitate
727 649 880 696 pendet.
931 649 1045 697 Apud
1060 649 1268 687 Homerum
1285 649 1437 697 quidem
1453 661 1523 687 usu
1540 649 1655 695 venit,
1680 652 1719 685 ut
1738 646 1948 695 ἐρίγδουπος
1962 646 2159 695 epitheton

254 710 305 747 sit
329 709 441 745 Jovis
472 708 659 746 tonantis:
686 709 729 754 E,
757 708 840 752 682,
868 709 912 754 Η,
938 709 974 754 4,
1004 709 1061 753 11,
1090 708 1139 753 Κ,
1167 708 1260 754 329,
1287 708 1338 754 Μ,
1369 708 1442 745 235
1477 712 1562 752 etc„
1594 711 1756 754 excepto
1783 718 1857 742 uno
1884 706 1970 742 loco
1997 706 2042 749 A,
2069 704 2157 741 152:

254 766 459 816 ἐρίγδουποι
482 763 588 811 πόδες
603 762 736 812 ἵππων,
764 766 946 815 ἐρίδουποι
960 770 1087 804 autem
1103 778 1165 804 res
1184 767 1372 813 dicantur,
1391 766 1565 816 inprimis
1584 765 1753 816 porticus
1767 763 1973 815 (αἴθουοα);
2002 764 2047 811 Ω,
2067 763 2158 813 323,

252 842 282 876 γ,
309 825 401 874 399,
426 825 518 874 493,
543 841 576 875 η,
604 825 696 874 345;
720 841 751 872 ο,
780 826 861 872 146,
897 826 985 873 191,
1022 828 1139 864 semel
1171 827 1273 864 fluvii
1299 842 1331 871 κ,
1359 826 1447 863 515.
1501 826 1706 870 Hesiodus,
1740 826 1780 862 ni
1813 825 1936 870 fallor,
1967 835 2043 860 non
2074 824 2159 872 plus

256 885 376 924 semel
398 884 588 923 vocabulo
609 884 818 934 ἐρίγδουπος
843 896 931 923 usus
949 890 1009 923 est
1023 890 1062 923 et
1074 879 1281 923 Homerico
1307 885 1459 934 quidem
1473 885 1586 923 modo
1610 883 1658 923 de
1682 884 1782 922 Jove
1800 884 1946 933 Theog.
1972 882 2038 927 41;
2063 881 2158 921 alias

255 945 342 983 aliis
369 945 474 994 apud
490 944 698 983 Homerum
717 957 793 982 non
819 946 944 983 obviis
960 946 1141 994 epithetis
1167 946 1305 982 Jovem
1330 945 1475 982 tonitru
1501 945 1804 994 potentissimum
1828 945 2039 990 exornavit,
2058 946 2159 992 quod

253 1016 374 1054 genus
402 1008 498 1043 sunt:
517 1001 744 1054 βαρύκτυπος
775 1005 921 1053 Theog.
948 1005 1021 1043 388
1045 1010 1085 1042 et
1109 1002 1346 1053 ἐρισμάραγος
1384 1005 1436 1041 ib.
1463 1003 1546 1041 815.
1600 1003 1797 1052 Oppianus
1827 1003 1915 1041 Hal.
1939 1004 1969 1050 I,
1996 1002 2058 1041 75:
2092 1002 2160 1054 ἐρι-

253 1060 426 1113 γδούποιο
452 1061 650 1113 θαλάσσης.
702 1065 816 1113 Apud
832 1065 1102 1114 Empedoclem
1130 1065 1292 1112 denique
1320 1062 1506 1112 ἐρίδουιτος
1523 1063 1677 1100 diverso
1703 1064 1751 1099 ab
1770 1064 1939 1100 Homero
1965 1064 2161 1101 intellectu

254 1127 325 1171 est,
352 1136 440 1161 nam
466 1120 580 1173 ἀκοὴν
629 1122 815 1171 ἐρίδουπον
849 1137 883 1160 v.
912 1124 970 1162 51.
1004 1125 1151 1173 pariter
1180 1135 1226 1161 ac
1256 1123 1496 1160 Parmenidis
1529 1118 1684 1172 ἠχήεσσα
1711 1119 1804 1171 ἀκοή
1830 1136 1864 1160 v.
1893 1122 1942 1160 54
1973 1123 2158 1171 interpre-

252 1183 410 1222 tandum
439 1186 516 1220 est:
544 1183 711 1220 auditum
738 1195 832 1221 sono
858 1184 1053 1232 impletum
1080 1185 1142 1221 vel
1168 1194 1402 1231 percussum.
1441 1204 1488 1209 —

431 1252 467 1289 3.
493 1253 766 1301 Νεφεληγερέτα.
819 1254 878 1290 Ex
903 1254 1031 1301 νεφέλη
1066 1258 1105 1290 et
1140 1251 1273 1300 ἀγείρω
1304 1256 1426 1289 ortum
1457 1263 1540 1288 eum
1573 1251 1775 1298 significat,
1806 1252 1868 1297 qui
1905 1253 2023 1288 nubes
2056 1254 2161 1300 cogit

255 1316 371 1360 atque
398 1312 437 1348 in
456 1311 615 1348 Homeri
643 1312 873 1349 carminibus
901 1312 1058 1349 solenne
1086 1316 1146 1349 est
1173 1312 1368 1360 epitheton
1393 1311 1517 1347 Jovis.
1570 1311 1614 1346 In
1640 1322 1710 1347 usu
1732 1313 1855 1347 autem
1888 1316 1975 1348 sunt
1991 1312 2160 1349 Homero

254 1370 508 1409 nominativus
540 1371 808 1419 νοφιληγσρὲταε
836 1372 871 1408 A
895 1370 986 1417 511,
1013 1370 1102 1418 560;
1130 1371 1172 1417 Δ,
1200 1370 1267 1418 30;
1290 1371 1339 1416 Ε,
1367 1370 1458 1416 888;
1486 1369 1541 1415 H,
1565 1368 1655 1415 280;
1682 1365 1721 1407 Ξ.
1742 1368 1827 1416 293,
1865 1370 1956 1417 341;
1987 1371 2031 1417 O,
2068 1371 2157 1418 220;

253 1431 301 1476 Τ,
343 1430 406 1475 19;
434 1430 483 1474 X,
523 1429 611 1475 1823
639 1430 684 1475 Ω,
724 1430 790 1476 64;
831 1445 867 1475 α,
893 1430 959 1477 63;
999 1434 1039 1466 et
1065 1430 1265 1478 genetivus
1304 1429 1472 1466 aeolicus
1507 1429 1793 1477 νεφεληγερέταοτ
1820 1430 1865 1475 Ε,
1901 1429 1991 1476 631;
2018 1430 2066 1475 Τ,
2095 1431 2158 1477 10;

255 1489 304 1536 Φ,
327 1487 413 1526 499.
468 1487 640 1535 Utroque
669 1500 761 1526 casu
788 1491 934 1537 pariter
958 1501 1048 1526 usus
1075 1493 1135 1526 est
1160 1489 1371 1526 Hesiodus:
1399 1488 1470 1536 Op.
1497 1486 1558 1534 53,
1584 1486 1649 1535 993
1677 1488 1823 1536 Theog,
1851 1487 1935 1535 558,
1963 1488 2046 1536 730,
2074 1488 2158 1527 944.

254 1547 527 1597 Empedoclem
550 1552 676 1585 autem
703 1554 796 1585 aera
821 1544 898 1596 (σὸν
925 1545 1031 1596 ἀέρα)
1055 1550 1320 1598 νεφεληγερέτην
1346 1559 1507 1586 vocasse
1534 1547 1646 1584 testis
1664 1551 1726 1584 est
1740 1547 1966 1586 Plutarchus
1986 1548 2159 1598 Sympos.

433 1674 470 1713 4.
495 1673 730 1725 Ἐνοσίχθων.
782 1678 895 1725 Apud
924 1678 1130 1715 Homerum
1171 1682 1210 1714 et
1244 1677 1455 1714 Hesiodum
1495 1680 1556 1713 est
1594 1676 1815 1713 attributum
1850 1678 1957 1714 unius
1994 1678 2160 1727 Neptuni

254 1741 398 1774 terram
416 1736 621 1773 moventis:
649 1736 693 1782 Θ,
712 1736 802 1784 208;
830 1737 873 1782 Ν,
896 1737 959 1783 10;
988 1738 1035 1782 Τ,
1063 1737 1120 1782 13,
1147 1737 1214 1785 63;
1242 1738 1290 1782 Φ,
1304 1737 1394 1785 445;
1416 1750 1448 1783 γ,
1466 1736 1510 1783 6;
1538 1749 1564 1781 ε,
1584 1734 1675 1783 375;
1701 1750 1725 1782 ι,
1742 1735 1832 1784 525,
1860 1751 1895 1784 μ,
1914 1736 2002 1785 107;
2028 1751 2057 1783 ν,
2076 1738 2159 1775 146.

253 1796 348 1832 Hes.
375 1795 447 1842 Op.
474 1794 561 1830 667.
612 1794 832 1842 Euphorion
859 1799 995 1840 autem,
1031 1800 1071 1831 ut
1097 1796 1305 1832 scholiasta
1328 1794 1504 1841 Dionysii
1530 1805 1687 1841 gramm.
1716 1794 1870 1831 exhibet
1894 1795 1960 1843 (cf.
1981 1795 2158 1833 Meineke

253 1854 390 1903 fragm.
416 1852 550 1901 CXL),
576 1852 710 1891 mirum
735 1853 774 1890 in
799 1854 949 1892 modum
976 1854 1072 1893 dixit
1096 1853 1293 1905 ἐνοσίχθονι
1310 1849 1467 1903 ἀρότρῳ,
1495 1853 1555 1892 cui
1582 1853 1734 1902 quidem
1762 1854 1833 1892 hoc
1852 1855 2048 1904 epitheton
2072 1869 2159 1894 con-

253 1915 370 1959 venit,
398 1914 468 1950 sed
484 1917 662 1960 quantum
690 1914 750 1949 hic
773 1926 862 1950 usus
889 1916 937 1950 ab
957 1915 1162 1951 Homerico
1190 1915 1323 1951 distat!
1377 1917 1503 1961 Atque
1522 1914 1806 1962 Euphorionem
1829 1915 1981 1963 quidem
2006 1920 2158 1953 secutus

256 1985 342 2011 esse
367 1973 521 2010 videtur
533 1971 702 2020 Nounus,
730 1984 806 2010 non
833 1973 954 2012 solum
980 1972 1175 2023 ἐνοσίχθονι
1200 1971 1332 2024 σιδήρῳ
1359 1973 1425 2024 (II,
1452 1971 1525 2023 67)
1551 1973 1599 2012 de
1626 1976 1756 2012 aratro
1776 1974 1919 2021 dicens,
1950 1975 2018 2013 sed
2044 1976 2159 2014 etiam

257 2034 307 2070 ad
329 2034 425 2070 alias
442 2040 520 2068 'res
544 2033 732 2067 translata
758 2044 852 2069 voce
880 2034 1101 2080 (cf.Lehrs.
1128 2038 1272 2081 quaest.
1299 2045 1359 2081 ep.
1386 2046 1424 2081 p.
1451 2032 1521 2068 301
1551 2038 1590 2069 et
1603 2033 1975 2083 Lobeck.Aglaoph.
2002 2046 2039 2084 p.
2058 2033 2159 2084 857).

432 2110 468 2149 5.
494 2108 743 2159 Βροτολοιγός.
796 2112 916 2150 Recte
943 2114 1160 2150 Eustathius
1193 2114 1243 2149 ad
1268 2114 1313 2160 E,
1340 2113 1388 2150 32
1413 2114 1467 2162 (p.
1500 2114 1586 2161 518,
1612 2115 1699 2159 41)=
1724 2110 1955 2164 βροτολοιγὸς
1976 2111 1997 2151 ὁ
2034 2112 2159 2163 ἀνδρο-

256 2167 377 2218 φόνος,
404 2167 426 2208 ὁ
450 2165 601 2219 βροτοὺς
625 2173 799 2223 φθείρωνς
826 2172 894 2210 sed
918 2184 988 2221 per
1014 2184 1183 2210 errorem
1200 2172 1354 2220 labitur,
1382 2174 1538 2211 verbum
1552 2175 1662 2223 λέγειν
1680 2186 1792 2222 quum
1807 2174 1934 2212 inesse
1953 2175 2160 2213 arbitretur

256 2242 442 2279 pergens:
469 2225 494 2278 ἤ
532 2226 553 2265 ὁ
583 2225 731 2277 βροτοὺς
761 2232 872 2279 λόγων
896 2228 1005 2280 ἤγουν
1030 2233 1294 2279 κατακοιμίζων
1320 2228 1369 2275 εἰς
1392 2227 1501 2270 ὕπνον
1529 2229 1710 2281 νήγρετοη
1748 2246 1824 2270 vox
1839 2234 1939 2271 enim
1965 2234 2014 2269 ad
2033 2234 2158 2271 analo-

255 2290 358 2339 giam
385 2294 652 2327 sexcentarum
678 2288 834 2327 aliarum
853 2302 901 2327 ex
926 2286 1051 2340 βροτός
1077 2296 1115 2328 et
1140 2287 1275 2343 λοιγός,
1306 2293 1407 2340 quod
1435 2293 1485 2330 ad
1502 2293 1612 2341 λέγειν
1628 2294 1806 2332 revocari
1826 2295 1968 2341 nequit,
1996 2295 2159 2331 conflata

256 2354 327 2388 est.
379 2350 486 2395 Quae
514 2349 642 2394 Marti,
665 2350 724 2384 cui
747 2350 818 2386 soli
845 2352 892 2386 ab
921 2351 1088 2387 Homero
1126 2351 1316 2397 tribuitur,
1343 2352 1544 2390 admodum
1570 2354 1763 2401 congruit:
1790 2354 1835 2400 E,
1876 2353 1935 2399 31,
1957 2352 2042 2400 455,
2069 2353 2159 2403 846;

257 2410 304 2457 A,
329 2408 422 2457 295;
448 2409 498 2455 Μ,
529 2407 619 2456 130;
645 2409 694 2454 Τ,
721 2408 788 2457 46;
815 2410 862 2455 Φ,
889 2410 980 2459 421;
1005 2415 1046 2456 θ,
1075 2410 1162 2456 115;
1188 2410 1319 2448 itidem
1336 2413 1384 2449 ab
1402 2412 1575 2449 Hesiodo
1599 2411 1701 2449 Scut.
1726 2413 1812 2459 333,
1829 2412 1914 2450 425.
1966 2413 2160 2452 Nicander

257 2473 383 2507 autem
406 2468 640 2506 testudinem
655 2464 841 2517 (χελωνήν)
859 2469 1045 2516 quandam
1072 2470 1327 2518 perniciosam
1354 2476 1547 2520 nuncupat
1571 2469 1802 2521 βροτολοιγόν
1820 2472 1994 2510 Theriac.
2013 2472 2097 2511 703.
2110 2495 2160 2501 —

359 2576 373 2593 ³
433 2538 468 2576 6.
496 2538 650 2586 Θοὸρος,
684 2536 789 2575 aliud
817 2538 952 2576 Martis
978 2540 1174 2588 epitheton
1200 2540 1325 2587 fixum,
1352 2542 1453 2589 quod
1479 2542 1628 2588 dicitur,
1656 2543 1757 2591 apud
1772 2542 1998 2580 Homerum:
2023 2544 2160 2591 θοῦρον

250 2595 377 2646 Ἄρηα
412 2598 463 2644 13,
495 2597 562 2643 30,
590 2596 649 2642 35,
677 2595 762 2643 355,
788 2596 875 2643 454,
904 2597 992 2644 83ος
1017 2599 1066 2645 O,
1093 2599 1176 2644 127,
1199 2600 1253 2645 Φ,
1281 2599 1364 2637 106.
1417 2601 1607 2646 Hesiodo,
1635 2601 1736 2648 quod
1763 2601 1898 2648 sciam,
1926 2601 1964 2637 in
1991 2613 2061 2638 usu
2083 2613 2159 2639 non

260 2661 331 2694 est.
382 2657 582 2705 Oppianus
606 2661 646 2694 et
671 2656 991 2705 Gynegeticorum
1033 2658 1197 2706 scriptor
1221 2669 1353 2696 vocem
1392 2659 1441 2696 ad
1482 2660 1626 2698 bestias
1652 2660 1943 2698 transtulerunt:
1972 2662 2081 2711 ξιφίης
2111 2682 2157 2689 -
